
    <marc:record>
        <marc:leader>03159cgm a2200493Ic 4500</marc:leader>
        <marc:controlfield tag="001">a5045882</marc:controlfield>
        <marc:controlfield tag="003">SpMaBN</marc:controlfield>
        <marc:controlfield tag="005">20161005004037.4</marc:controlfield>
        <marc:controlfield tag="007">vd*cvaigq</marc:controlfield>
        <marc:controlfield tag="008">110516s2010    sp 0495e          1 mul  </marc:controlfield>
        <marc:datafield tag="015" ind1=" " ind2=" ">
            <marc:subfield code="a">VD10</marc:subfield>
        </marc:datafield>
        <marc:datafield tag="017" ind1=" " ind2=" ">
            <marc:subfield code="a">B 36135-2010</marc:subfield>
            <marc:subfield code="b">Oficina Depósito Legal Barcelona</marc:subfield>
        </marc:datafield>
        <marc:datafield tag="028" ind1="4" ind2="0">
            <marc:subfield code="a">AC0013</marc:subfield>
            <marc:subfield code="b">A contracorriente Films</marc:subfield>
        </marc:datafield>
        <marc:datafield tag="035" ind1=" " ind2=" ">
            <marc:subfield code="a">(OCoLC)776719398</marc:subfield>
        </marc:datafield>
        <marc:datafield tag="040" ind1=" " ind2=" ">
            <marc:subfield code="a">SpMaBN</marc:subfield>
            <marc:subfield code="b">spa</marc:subfield>
            <marc:subfield code="c">SpMaBN</marc:subfield>
            <marc:subfield code="e">rdc</marc:subfield>
        </marc:datafield>
        <marc:datafield tag="041" ind1="1" ind2=" ">
            <marc:subfield code="a">spa</marc:subfield>
            <marc:subfield code="a">swe</marc:subfield>
            <marc:subfield code="a">ice</marc:subfield>
            <marc:subfield code="a">nor</marc:subfield>
            <marc:subfield code="b">spa</marc:subfield>
            <marc:subfield code="b">cat</marc:subfield>
            <marc:subfield code="d">swe</marc:subfield>
            <marc:subfield code="d">ice</marc:subfield>
            <marc:subfield code="d">nor</marc:subfield>
        </marc:datafield>
        <marc:datafield tag="130" ind1=" " ind2=" ">
            <marc:subfield code="a">Generación Millennium</marc:subfield>
            <marc:subfield code="n">Vol. 1</marc:subfield>
        </marc:datafield>
        <marc:datafield tag="260" ind1=" " ind2=" ">
            <marc:subfield code="a">Barcelona</marc:subfield>
            <marc:subfield code="b">A contracorriente Films</marc:subfield>
            <marc:subfield code="c">D.L. 2010</marc:subfield>
        </marc:datafield>
        <marc:datafield tag="300" ind1=" " ind2=" ">
            <marc:subfield code="a">5 DVD-Vídeo (ca. 99, 91, 97, 113 y 95 min)</marc:subfield>
            <marc:subfield code="b">son., col.</marc:subfield>
            <marc:subfield code="e"> 1 funda-estuche</marc:subfield>
        </marc:datafield>
        <marc:datafield tag="336" ind1=" " ind2=" ">
            <marc:subfield code="b">tdi</marc:subfield>
            <marc:subfield code="0">http://rdaregistry.info/termList/RDAContentType/1023</marc:subfield>
            <marc:subfield code="2">rdacontenttype</marc:subfield>
        </marc:datafield>
        <marc:datafield tag="337" ind1=" " ind2=" ">
            <marc:subfield code="b">v</marc:subfield>
            <marc:subfield code="0">http://rdaregistry.info/termList/RDAMediaType/1008</marc:subfield>
            <marc:subfield code="2">rdamedia</marc:subfield>
        </marc:datafield>
        <marc:datafield tag="338" ind1=" " ind2=" ">
            <marc:subfield code="b">vd</marc:subfield>
            <marc:subfield code="0">http://rdaregistry.info/termList/RDACarrierType/1060</marc:subfield>
            <marc:subfield code="2">rdacarriertype</marc:subfield>
        </marc:datafield>
        <marc:datafield tag="380" ind1=" " ind2=" ">
            <marc:subfield code="a">Detective and mystery films</marc:subfield>
            <marc:subfield code="2">lcgft</marc:subfield>
        </marc:datafield>
        <marc:datafield tag="505" ind1="0" ind2=" ">
            <marc:subfield code="a">Disk 1. Aurora boreal = Solstorm / en film av Leif Lindblom - Disk 2. Las marismas = Mýrin / en film av Baltasar Kormákur - Disk 3. El ojo de Eva = Evas øye /En film av Berit Nesheim - Disk 4. Bienaventurados los sedientos = Salige er de som tørster / en film av Carl Jørgen Kiønig - Disk 5. Roseanna / en film av Daniel Alfredson</marc:subfield>
        </marc:datafield>
        <marc:datafield tag="518" ind1=" " ind2=" ">
            <marc:subfield code="a">Filmer realisert mellom 1993 og 2007</marc:subfield>
        </marc:datafield>
        <marc:datafield tag="521" ind1=" " ind2=" ">
            <marc:subfield code="a">Ikke anbefalt for barn under 16 år (Solstorm og Mýrin)</marc:subfield>
        </marc:datafield>
        <marc:datafield tag="521" ind1=" " ind2=" ">
            <marc:subfield code="a">Ikke anbefalt for barn under 18 år (Evas øye, Salige er de som tørster og Roseanna)</marc:subfield>
        </marc:datafield>
        <marc:datafield tag="600" ind1="1" ind2="4">
            <marc:subfield code="a">Sejer, Konrad</marc:subfield>
            <marc:subfield code="c">Fiktiv karakter</marc:subfield>
            <marc:subfield code="0">http://viaf.org/viaf/806144928102154341606</marc:subfield>
        </marc:datafield>
        <marc:datafield tag="655" ind1=" " ind2="4">
            <marc:subfield code="a">Krim</marc:subfield>
        </marc:datafield>
        <marc:datafield tag="700" ind1="1" ind2=" ">
            <marc:subfield code="a">Lindblom, Leif</marc:subfield>
            <marc:subfield code="4">fmd</marc:subfield>
            <marc:subfield code="0">https://www.imdb.com/name/nm0511460</marc:subfield>
        </marc:datafield>
        <marc:datafield tag="700" ind1="1" ind2=" ">
            <marc:subfield code="a">Kormákur, Baltasar</marc:subfield>
            <marc:subfield code="d">1966-</marc:subfield>
            <marc:subfield code="4">fmd</marc:subfield>
            <marc:subfield code="0">https://www.imdb.com/name/nm0466349</marc:subfield>
        </marc:datafield>
        <marc:datafield tag="700" ind1="1" ind2=" ">
            <marc:subfield code="a">Nesheim, Berit</marc:subfield>
            <marc:subfield code="4">fmd</marc:subfield>
            <marc:subfield code="0">https://www.imdb.com/name/nm0626406</marc:subfield>
        </marc:datafield>
        <marc:datafield tag="700" ind1="1" ind2=" ">
            <marc:subfield code="a">Kiønig, Carl Jørgen</marc:subfield>
            <marc:subfield code="4">fmd</marc:subfield>
            <marc:subfield code="0">https://www.imdb.com/name/nm0457985</marc:subfield>
        </marc:datafield>
        <marc:datafield tag="700" ind1="1" ind2=" ">
            <marc:subfield code="a">Alfredson, Daniel</marc:subfield>
            <marc:subfield code="d">1959-</marc:subfield>
            <marc:subfield code="4">fmd</marc:subfield>
            <marc:subfield code="0">https://www.imdb.com/name/nm0019242</marc:subfield>
        </marc:datafield>
        <marc:datafield tag="700" ind1="1" ind2=" ">
            <marc:subfield code="a">Larsson, Åsa</marc:subfield>
            <marc:subfield code="d">1966-</marc:subfield>
            <marc:subfield code="t">Solstorm</marc:subfield>
            <marc:subfield code="0">http://viaf.org/viaf/1184151474811900490002</marc:subfield>
            <marc:subfield code="4">http://rdaregistry.info/Elements/w/P10129</marc:subfield>
        </marc:datafield>
        <marc:datafield tag="700" ind1="1" ind2=" ">
            <marc:subfield code="a">Arnaldur Indriðason</marc:subfield>
            <marc:subfield code="d">1961-</marc:subfield>
            <marc:subfield code="t">Mýrin</marc:subfield>
            <marc:subfield code="0">http://viaf.org/viaf/312370428</marc:subfield>
            <marc:subfield code="4">http://rdaregistry.info/Elements/w/P10129</marc:subfield>
        </marc:datafield>
        <marc:datafield tag="700" ind1="1" ind2=" ">
            <marc:subfield code="a">Fossum, Karin</marc:subfield>
            <marc:subfield code="d">1954-</marc:subfield>
            <marc:subfield code="t">Evas øye</marc:subfield>
            <marc:subfield code="0">http://viaf.org/viaf/2949151051818133530003</marc:subfield>
            <marc:subfield code="4">http://rdaregistry.info/Elements/w/P10129</marc:subfield>
        </marc:datafield>
        <marc:datafield tag="700" ind1="1" ind2=" ">
            <marc:subfield code="a">Sjöwall, Maj</marc:subfield>
            <marc:subfield code="d">1935-</marc:subfield>
            <marc:subfield code="t">Roseanna</marc:subfield>
            <marc:subfield code="0">http://viaf.org/viaf/8618149068596265730000</marc:subfield>
            <marc:subfield code="4">http://rdaregistry.info/Elements/w/P10129</marc:subfield>
        </marc:datafield>
        <marc:datafield tag="700" ind1="1" ind2=" ">
            <marc:subfield code="a">Holt, Anne</marc:subfield>
            <marc:subfield code="d">1958-</marc:subfield>
            <marc:subfield code="t">Salige er de som tørster</marc:subfield>
            <marc:subfield code="0">http://viaf.org/viaf/1887151474937700490006</marc:subfield>
            <marc:subfield code="4">http://rdaregistry.info/Elements/w/P10129</marc:subfield>
        </marc:datafield>
        <marc:datafield tag="730" ind1="0" ind2="2">
            <marc:subfield code="a">Solstorm</marc:subfield>
            <marc:subfield code="l">Español-Sueco</marc:subfield>
            <marc:subfield code="0">https://www.imdb.com/title/tt0997282/</marc:subfield>
        </marc:datafield>
        <marc:datafield tag="730" ind1="0" ind2="2">
            <marc:subfield code="a">Mýrin</marc:subfield>
            <marc:subfield code="l">Español-Islandés</marc:subfield>
            <marc:subfield code="0">https://www.imdb.com/title/tt0805576/</marc:subfield>
        </marc:datafield>
        <marc:datafield tag="730" ind1="0" ind2="2">
            <marc:subfield code="a">Evas øye</marc:subfield>
            <marc:subfield code="l">Español-Noruego</marc:subfield>
            <marc:subfield code="0">https://www.imdb.com/title/tt0188605/</marc:subfield>
        </marc:datafield>
        <marc:datafield tag="730" ind1="0" ind2="2">
            <marc:subfield code="a">Salige er de som tørster</marc:subfield>
            <marc:subfield code="l">Español-Noruego</marc:subfield>
            <marc:subfield code="0">https://www.imdb.com/title/tt0124864/</marc:subfield>
        </marc:datafield>
        <marc:datafield tag="730" ind1="0" ind2="2">
            <marc:subfield code="a">Roseanna</marc:subfield>
            <marc:subfield code="l">Español-Sueco</marc:subfield>
            <marc:subfield code="0">https://www.imdb.com/title/tt0107989/</marc:subfield>
        </marc:datafield>
    </marc:record>