
    <marc:record>
        <marc:leader>01610nim a22003250  450 </marc:leader>
        <marc:controlfield tag="001">22772198</marc:controlfield>
        <marc:controlfield tag="005">20050607221317.0</marc:controlfield>
        <marc:controlfield tag="007">s|||||||||||||</marc:controlfield>
        <marc:controlfield tag="008">000000s2000    dk                | dan d</marc:controlfield>
        <marc:datafield tag="020" ind1=" " ind2=" ">
            <marc:subfield code="c">Gratis (vær opmærksom på DBB's vilkår for brug)</marc:subfield>
        </marc:datafield>
        <marc:datafield tag="041" ind1="1" ind2=" ">
            <marc:subfield code="a">dan</marc:subfield>
            <marc:subfield code="h">nor</marc:subfield>
        </marc:datafield>
        <marc:datafield tag="100" ind1="1" ind2=" ">
            <marc:subfield code="a">Fossum, Karin</marc:subfield>
            <marc:subfield code="d">1954-</marc:subfield>
            <marc:subfield code="0">http://viaf.org/viaf/120627630</marc:subfield>
            <marc:subfield code="4">aut</marc:subfield>
        </marc:datafield>
        <marc:datafield tag="240" ind1="1" ind2="0">
            <marc:subfield code="a">Se deg ikke tilbake!</marc:subfield>
            <marc:subfield code="l">dansk</marc:subfield>
            <marc:subfield code="0">https://viaf.org/viaf/9129151051843933530004/</marc:subfield>
        </marc:datafield>
        <marc:datafield tag="245" ind1="1" ind2="0">
            <marc:subfield code="a">Se dig ikke tilbage /</marc:subfield>
            <marc:subfield code="c">Karin Fossum.</marc:subfield>
        </marc:datafield>
        <marc:datafield tag="260" ind1=" " ind2=" ">
            <marc:subfield code="a">Kbh. :</marc:subfield>
            <marc:subfield code="b">Danmarks Blindebibliotek,</marc:subfield>
            <marc:subfield code="c">[2000].</marc:subfield>
        </marc:datafield>
        <marc:datafield tag="300" ind1=" " ind2=" ">
            <marc:subfield code="a">7 kassettebånd i 2 bokse (9 t., 57 min.)</marc:subfield>
        </marc:datafield>
        <marc:datafield tag="336" ind1=" " ind2=" ">
            <marc:subfield code="b">spw</marc:subfield>
            <marc:subfield code="0">http://rdaregistry.info/termList/RDAContentType/1013</marc:subfield>
            <marc:subfield code="2">rdacontenttype</marc:subfield>
        </marc:datafield>
        <marc:datafield tag="337" ind1=" " ind2=" ">
            <marc:subfield code="b">s</marc:subfield>
            <marc:subfield code="0">http://rdaregistry.info/termList/RDAMediaType/1001</marc:subfield>
            <marc:subfield code="2">rdamedia</marc:subfield>
        </marc:datafield>
        <marc:datafield tag="338" ind1=" " ind2=" ">
            <marc:subfield code="b">ss</marc:subfield>
            <marc:subfield code="0">http://rdaregistry.info/termList/RDACarrierType/1007</marc:subfield>
            <marc:subfield code="2">rdacarriertype</marc:subfield>
        </marc:datafield>
        <marc:datafield tag="380" ind1=" " ind2=" ">
            <marc:subfield code="a">Detective and mystery fiction</marc:subfield>
            <marc:subfield code="2">lcgft</marc:subfield>
        </marc:datafield>
        <marc:datafield tag="380" ind1=" " ind2=" ">
            <marc:subfield code="a">Audiobooks</marc:subfield>
            <marc:subfield code="2">lcgft</marc:subfield>
        </marc:datafield>
        <marc:datafield tag="534" ind1=" " ind2=" ">
            <marc:subfield code="a">Bogens originaludgave: 1996.</marc:subfield>
        </marc:datafield>
        <marc:datafield tag="534" ind1=" " ind2=" ">
            <marc:subfield code="a">Gengivelse af bogen.</marc:subfield>
        </marc:datafield>
        <marc:datafield tag="534" ind1=" " ind2=" ">
            <marc:subfield code="a">Indlæst efter udgaven: Aarhus : Klim, 1999.</marc:subfield>
        </marc:datafield>
        <marc:datafield tag="600" ind1="1" ind2="4">
            <marc:subfield code="a">Sejer, Konrad</marc:subfield>
            <marc:subfield code="c">Fiktiv karakter</marc:subfield>
            <marc:subfield code="0">http://viaf.org/viaf/806144928102154341606</marc:subfield>
        </marc:datafield>
        <marc:datafield tag="655" ind1=" " ind2="4">
            <marc:subfield code="a">Krim</marc:subfield>
        </marc:datafield>
        <marc:datafield tag="700" ind1="1" ind2=" ">
            <marc:subfield code="a">Vigild, Niels</marc:subfield>
            <marc:subfield code="4">nrt</marc:subfield>
            <marc:subfield code="0">https://www.imdb.com/name/nm1214234</marc:subfield>
        </marc:datafield>
        <marc:datafield tag="700" ind1="1" ind2=" ">
            <marc:subfield code="a">Andersen, Alf</marc:subfield>
            <marc:subfield code="4">trl</marc:subfield>
            <marc:subfield code="0">www.example.com/AlfAndersen-trl</marc:subfield>
        </marc:datafield>
        <marc:datafield tag="700" ind1="1" ind2=" ">
            <marc:subfield code="a">Fossum, Karin</marc:subfield>
            <marc:subfield code="d">1954-</marc:subfield>
            <marc:subfield code="t">Evas øye</marc:subfield>
            <marc:subfield code="0">https://viaf.org/viaf/2949151051818133530003/</marc:subfield>
            <marc:subfield code="4">http://rdaregistry.info/Elements/w/P10156</marc:subfield>
        </marc:datafield>
        <marc:datafield tag="700" ind1="1" ind2=" ">
            <marc:subfield code="a">Moliaioli, Andrea</marc:subfield>
            <marc:subfield code="d">1967-</marc:subfield>
            <marc:subfield code="t">La ragazzo del lago</marc:subfield>
            <marc:subfield code="0">https://www.imdb.com/title/tt0770829/</marc:subfield>
            <marc:subfield code="4">http://rdaregistry.info/Elements/w/P10025</marc:subfield>
        </marc:datafield>
    </marc:record>