
    <marc:record>
        <marc:leader>01555cam a22002897  4500</marc:leader>
        <marc:controlfield tag="001">7301253</marc:controlfield>
        <marc:controlfield tag="003">LIBRIS</marc:controlfield>
        <marc:controlfield tag="005">20181030230000.0</marc:controlfield>
        <marc:controlfield tag="008">011211s1995    no |||||||||||001 0|nno|c</marc:controlfield>
        <marc:datafield tag="020" ind1=" " ind2=" ">
            <marc:subfield code="a">8252144322</marc:subfield>
        </marc:datafield>
        <marc:datafield tag="035" ind1=" " ind2=" ">
            <marc:subfield code="9">8252144322</marc:subfield>
        </marc:datafield>
        <marc:datafield tag="041" ind1=" " ind2=" ">
            <marc:subfield code="a">nno</marc:subfield>
        </marc:datafield>
        <marc:datafield tag="100" ind1="1" ind2=" ">
            <marc:subfield code="a">Hjorthol, Geir,</marc:subfield>
            <marc:subfield code="d">1952-</marc:subfield>
            <marc:subfield code="0">http://viaf.org/viaf/43550461</marc:subfield>
            <marc:subfield code="4">aut</marc:subfield>
        </marc:datafield>
        <marc:datafield tag="245" ind1="0" ind2="0">
            <marc:subfield code="a">Populærlitteratur :</marc:subfield>
            <marc:subfield code="b">ideologi og forteljing /</marc:subfield>
            <marc:subfield code="c">Geir Hjorthol</marc:subfield>
            <marc:subfield code="4">aut</marc:subfield>
        </marc:datafield>
        <marc:datafield tag="264" ind1=" " ind2="1">
            <marc:subfield code="a">Oslo :</marc:subfield>
            <marc:subfield code="b">Norske samlaget,</marc:subfield>
            <marc:subfield code="c">1995</marc:subfield>
        </marc:datafield>
        <marc:datafield tag="300" ind1=" " ind2=" ">
            <marc:subfield code="a">285 sider</marc:subfield>
            <marc:subfield code="c">21 cm</marc:subfield>
        </marc:datafield>
        <marc:datafield tag="336" ind1=" " ind2=" ">
            <marc:subfield code="b">txt</marc:subfield>
            <marc:subfield code="0">http://rdaregistry.info/termList/RDAContentType/1020</marc:subfield>
            <marc:subfield code="2">rdacontenttype</marc:subfield>
        </marc:datafield>
        <marc:datafield tag="337" ind1=" " ind2=" ">
            <marc:subfield code="b">n</marc:subfield>
            <marc:subfield code="0">http://rdaregistry.info/termList/RDAMediaType/1007</marc:subfield>
            <marc:subfield code="2">rdamedia</marc:subfield>
        </marc:datafield>
        <marc:datafield tag="338" ind1=" " ind2=" ">
            <marc:subfield code="b">nc</marc:subfield>
            <marc:subfield code="0">http://rdaregistry.info/termList/RDACarrierType/1049</marc:subfield>
            <marc:subfield code="2">rdacarriertype</marc:subfield>
        </marc:datafield>
        <marc:datafield tag="380" ind1=" " ind2=" ">
            <marc:subfield code="a">Bibliographies</marc:subfield>
            <marc:subfield code="2">lcfgt</marc:subfield>
        </marc:datafield>
        <marc:datafield tag="500" ind1=" " ind2=" ">
            <marc:subfield code="a">Enligt Bibliografi over norsk litteraturforsking, 1995 (Norsk litterær årbok, 1996, sider [241]) innehåller del 2 (Analysar) analyser av tre verk: Gunnar Staalesen, "Fallne engler"; Jon Michelet, "Orions belte" och; Margit Sandemo "Sagan om Isfolket"</marc:subfield>
        </marc:datafield>
        <marc:datafield tag="600" ind1="1" ind2="4">
            <marc:subfield code="a">Staalesen, Gunnar,</marc:subfield>
            <marc:subfield code="d">1947-</marc:subfield>
            <marc:subfield code="4">aut</marc:subfield>
            <marc:subfield code="t">Falne engler</marc:subfield>
            <marc:subfield code="0">http://viaf.org/viaf/6539155105787276320001</marc:subfield>
        </marc:datafield>
        <marc:datafield tag="600" ind1="1" ind2="4">
            <marc:subfield code="a">Michelet, Jon,</marc:subfield>
            <marc:subfield code="d">1944-2018</marc:subfield>
            <marc:subfield code="4">aut</marc:subfield>
            <marc:subfield code="t">Orions belte</marc:subfield>
            <marc:subfield code="0">http://viaf.org/viaf/307993340</marc:subfield>
        </marc:datafield>
        <marc:datafield tag="600" ind1="1" ind2="4">
            <marc:subfield code="a">Sandemo, Margit,</marc:subfield>
            <marc:subfield code="d">1924-</marc:subfield>
            <marc:subfield code="4">aut</marc:subfield>
            <marc:subfield code="t">Sagan om isfolket</marc:subfield>
            <marc:subfield code="0">http://viaf.org/viaf/177503502</marc:subfield>
        </marc:datafield>
        <marc:datafield tag="700" ind1="1" ind2=" ">
            <marc:subfield code="a">Staalesen, Gunnar</marc:subfield>
            <marc:subfield code="d">1947-</marc:subfield>
            <marc:subfield code="4">aut</marc:subfield>
            <marc:subfield code="0">http://viaf.org/viaf/115049141</marc:subfield>
        </marc:datafield>
        <marc:datafield tag="700" ind1="1" ind2=" ">
            <marc:subfield code="a">Michelet, Jon,</marc:subfield>
            <marc:subfield code="d">1944-2018</marc:subfield>
            <marc:subfield code="4">aut</marc:subfield>
            <marc:subfield code="0">http://viaf.org/viaf/34494981</marc:subfield>
        </marc:datafield>
        <marc:datafield tag="700" ind1="1" ind2=" ">
            <marc:subfield code="a">Sandemo, Margit,</marc:subfield>
            <marc:subfield code="d">1924-</marc:subfield>
            <marc:subfield code="4">aut</marc:subfield>
            <marc:subfield code="0">http://viaf.org/viaf/47570855</marc:subfield>
        </marc:datafield>
    </marc:record>