
    <marc:record>
        <marc:leader>01734cam a22003370  450 </marc:leader>
        <marc:controlfield tag="001">009900834</marc:controlfield>
        <marc:controlfield tag="008">000000s2000    no            00| j nor d</marc:controlfield>
        <marc:datafield tag="020" ind1=" " ind2=" ">
            <marc:subfield code="a">8205270376</marc:subfield>
        </marc:datafield>
        <marc:datafield tag="041" ind1="0" ind2=" ">
            <marc:subfield code="a">nor</marc:subfield>
            <marc:subfield code="h">nor</marc:subfield>
        </marc:datafield>
        <marc:datafield tag="100" ind1="1" ind2=" ">
            <marc:subfield code="a">Staalesen, Gunnar</marc:subfield>
            <marc:subfield code="d">1947-</marc:subfield>
            <marc:subfield code="0">http://viaf.org/viaf/115049141</marc:subfield>
            <marc:subfield code="4">aut</marc:subfield>
        </marc:datafield>
        <marc:datafield tag="245" ind1="1" ind2="3">
            <marc:subfield code="a">De døde har det godt :</marc:subfield>
            <marc:subfield code="b">åtte fortellinger om Varg Veum /</marc:subfield>
            <marc:subfield code="c">Gunnar Staalesen.</marc:subfield>
        </marc:datafield>
        <marc:datafield tag="250" ind1=" " ind2=" ">
            <marc:subfield code="a">3. utg.</marc:subfield>
        </marc:datafield>
        <marc:datafield tag="260" ind1=" " ind2=" ">
            <marc:subfield code="a">Oslo :</marc:subfield>
            <marc:subfield code="b">Gyldendal,</marc:subfield>
            <marc:subfield code="c">2000.</marc:subfield>
        </marc:datafield>
        <marc:datafield tag="300" ind1=" " ind2=" ">
            <marc:subfield code="a">257 sider</marc:subfield>
        </marc:datafield>
        <marc:datafield tag="336" ind1=" " ind2=" ">
            <marc:subfield code="b">txt</marc:subfield>
            <marc:subfield code="0">http://rdaregistry.info/termList/RDAContentType/1020</marc:subfield>
            <marc:subfield code="2">rdacontenttype</marc:subfield>
        </marc:datafield>
        <marc:datafield tag="337" ind1=" " ind2=" ">
            <marc:subfield code="b">n</marc:subfield>
            <marc:subfield code="0">http://rdaregistry.info/termList/RDAMediaType/1007</marc:subfield>
            <marc:subfield code="2">rdamedia</marc:subfield>
        </marc:datafield>
        <marc:datafield tag="338" ind1=" " ind2=" ">
            <marc:subfield code="b">nc</marc:subfield>
            <marc:subfield code="0">http://rdaregistry.info/termList/RDACarrierType/1049</marc:subfield>
            <marc:subfield code="2">rdacarriertype</marc:subfield>
        </marc:datafield>
        <marc:datafield tag="380" ind1=" " ind2=" ">
            <marc:subfield code="a">Detective and mystery fiction</marc:subfield>
            <marc:subfield code="2">lcgft</marc:subfield>
        </marc:datafield>
        <marc:datafield tag="380" ind1=" " ind2=" ">
            <marc:subfield code="a">Short stories</marc:subfield>
            <marc:subfield code="2">lcfgt</marc:subfield>
        </marc:datafield>
        <marc:datafield tag="600" ind1="1" ind2="4">
            <marc:subfield code="a">Veum, Varg</marc:subfield>
            <marc:subfield code="c">Fiktiv karakter</marc:subfield>
            <marc:subfield code="0">http://viaf.org/viaf/5991151051956233530003</marc:subfield>
        </marc:datafield>
        <marc:datafield tag="655" ind1=" " ind2="4">
            <marc:subfield code="a">Krim</marc:subfield>
        </marc:datafield>
        <marc:datafield tag="700" ind1=" " ind2=" ">
            <marc:subfield code="a">Staalesen, Gunnar</marc:subfield>
            <marc:subfield code="d">1947-</marc:subfield>
            <marc:subfield code="t">De døde har det godt</marc:subfield>
            <marc:subfield code="0">http://viaf.org/viaf/9716152502829510800001</marc:subfield>
        </marc:datafield>
        <marc:datafield tag="700" ind1="0" ind2="2">
            <marc:subfield code="a">Død og tannpine</marc:subfield>
            <marc:subfield code="0">http://example.com/Død-og-tannpine/tittel</marc:subfield>
        </marc:datafield>
        <marc:datafield tag="700" ind1="0" ind2="2">
            <marc:subfield code="a">Det ufullendte</marc:subfield>
            <marc:subfield code="0">http://example.com/Det ufullendte/tittel</marc:subfield>
        </marc:datafield>
        <marc:datafield tag="700" ind1="0" ind2="2">
            <marc:subfield code="a">Kilroys bombe</marc:subfield>
            <marc:subfield code="0">http://example.com/Kilroys-bombe/tittel</marc:subfield>
        </marc:datafield>
        <marc:datafield tag="700" ind1="0" ind2="2">
            <marc:subfield code="a">Den siste bøschen</marc:subfield>
            <marc:subfield code="0">http://example.com/Den-siste-bøschen/tittel</marc:subfield>
        </marc:datafield>
        <marc:datafield tag="700" ind1="0" ind2="2">
            <marc:subfield code="a">Deilig er jorden</marc:subfield>
            <marc:subfield code="0">http://example.com/Deilig-er-jorden/tittel</marc:subfield>
        </marc:datafield>
        <marc:datafield tag="700" ind1="0" ind2="2">
            <marc:subfield code="a">Krake søker make</marc:subfield>
            <marc:subfield code="0">http://example.com/Krake-søker-make/tittel</marc:subfield>
        </marc:datafield>
        <marc:datafield tag="700" ind1="0" ind2="2">
            <marc:subfield code="a">Siste reis</marc:subfield>
            <marc:subfield code="0">http://example.com/Siste-reis/tittel</marc:subfield>
        </marc:datafield>
        <marc:datafield tag="700" ind1="0" ind2="2">
            <marc:subfield code="a">De døde har det godt</marc:subfield>
            <marc:subfield code="0">http://example.com/De døde har det godt/tittel</marc:subfield>
        </marc:datafield>
        <marc:datafield tag="700" ind1="1" ind2=" ">
            <marc:subfield code="a">Staalesen, Gunnar</marc:subfield>
            <marc:subfield code="d">1947-</marc:subfield>
            <marc:subfield code="t">Skriften på veggen</marc:subfield>
            <marc:subfield code="0">http://viaf.org/viaf/307008301</marc:subfield>
            <marc:subfield code="4">http://rdaregistry.info/Elements/w/P10156</marc:subfield>
        </marc:datafield>
    </marc:record>