
    <marc:record>
        <marc:leader>01071nam a22002410  450 </marc:leader>
        <marc:controlfield tag="001">06296459</marc:controlfield>
        <marc:controlfield tag="005">20090311105411.0</marc:controlfield>
        <marc:controlfield tag="008">000000s1985    dk            00| f dan d</marc:controlfield>
        <marc:datafield tag="020" ind1=" " ind2=" ">
            <marc:subfield code="a">8774562371 (hf.)</marc:subfield>
            <marc:subfield code="c">kr. 178.00</marc:subfield>
        </marc:datafield>
        <marc:datafield tag="041" ind1="1" ind2=" ">
            <marc:subfield code="a">dan</marc:subfield>
            <marc:subfield code="h">nor</marc:subfield>
        </marc:datafield>
        <marc:datafield tag="100" ind1="1" ind2=" ">
            <marc:subfield code="a">Staalesen, Gunnar</marc:subfield>
            <marc:subfield code="d">1947-</marc:subfield>
            <marc:subfield code="0">http://viaf.org/viaf/115049141</marc:subfield>
            <marc:subfield code="4">aut</marc:subfield>
        </marc:datafield>
        <marc:datafield tag="240" ind1="1" ind2="0">
            <marc:subfield code="a">Bukken til havresekken</marc:subfield>
            <marc:subfield code="l">dansk</marc:subfield>
            <marc:subfield code="0">http://viaf.org/viaf/309365497</marc:subfield>
        </marc:datafield>
        <marc:datafield tag="245" ind1="1" ind2="0">
            <marc:subfield code="a">Manden med de to ansigter /</marc:subfield>
            <marc:subfield code="c">[af] Gunnar Staalesen ; på dansk ved Jannick Storm.</marc:subfield>
        </marc:datafield>
        <marc:datafield tag="260" ind1=" " ind2=" ">
            <marc:subfield code="a">[Kbh.] :</marc:subfield>
            <marc:subfield code="b">Vindrose,</marc:subfield>
            <marc:subfield code="c">1985.</marc:subfield>
        </marc:datafield>
        <marc:datafield tag="300" ind1=" " ind2=" ">
            <marc:subfield code="a">191 sider;</marc:subfield>
            <marc:subfield code="c">22 cm.</marc:subfield>
        </marc:datafield>
        <marc:datafield tag="336" ind1=" " ind2=" ">
            <marc:subfield code="b">txt</marc:subfield>
            <marc:subfield code="0">http://rdaregistry.info/termList/RDAContentType/1020</marc:subfield>
            <marc:subfield code="2">rdacontenttype</marc:subfield>
        </marc:datafield>
        <marc:datafield tag="337" ind1=" " ind2=" ">
            <marc:subfield code="b">n</marc:subfield>
            <marc:subfield code="0">http://rdaregistry.info/termList/RDAMediaType/1007</marc:subfield>
            <marc:subfield code="2">rdamedia</marc:subfield>
        </marc:datafield>
        <marc:datafield tag="338" ind1=" " ind2=" ">
            <marc:subfield code="b">nc</marc:subfield>
            <marc:subfield code="0">http://rdaregistry.info/termList/RDACarrierType/1049</marc:subfield>
            <marc:subfield code="2">rdacarriertype</marc:subfield>
        </marc:datafield>
        <marc:datafield tag="380" ind1=" " ind2=" ">
            <marc:subfield code="a">Detective and mystery fiction</marc:subfield>
            <marc:subfield code="2">lcgft</marc:subfield>
        </marc:datafield>
        <marc:datafield tag="534" ind1=" " ind2=" ">
            <marc:subfield code="a">Originaludgave: 1977.</marc:subfield>
        </marc:datafield>
        <marc:datafield tag="600" ind1="1" ind2="4">
            <marc:subfield code="a">Veum, Varg</marc:subfield>
            <marc:subfield code="c">Fiktiv karakter</marc:subfield>
            <marc:subfield code="0">http://viaf.org/viaf/5991151051956233530003</marc:subfield>
        </marc:datafield>
        <marc:datafield tag="655" ind1=" " ind2="4">
            <marc:subfield code="a">Krim</marc:subfield>
        </marc:datafield>
        <marc:datafield tag="700" ind1="1" ind2=" ">
            <marc:subfield code="a">Storm, Jannick</marc:subfield>
            <marc:subfield code="d">1939-2015</marc:subfield>
            <marc:subfield code="4">trl</marc:subfield>
            <marc:subfield code="0">http://viaf.org/viaf/277644358</marc:subfield>
        </marc:datafield>
    </marc:record>