
    <marc:record>
        <marc:leader>01053nam a22002290  450 </marc:leader>
        <marc:controlfield tag="001">06996086</marc:controlfield>
        <marc:controlfield tag="005">20010128224732.0</marc:controlfield>
        <marc:controlfield tag="008">000000s1988    dk            00| j dan d</marc:controlfield>
        <marc:datafield tag="020" ind1=" " ind2=" ">
            <marc:subfield code="c">udgået</marc:subfield>
        </marc:datafield>
        <marc:datafield tag="041" ind1="1" ind2=" ">
            <marc:subfield code="a">dan</marc:subfield>
            <marc:subfield code="h">nor</marc:subfield>
        </marc:datafield>
        <marc:datafield tag="100" ind1="1" ind2=" ">
            <marc:subfield code="a">Staalesen, Gunnar</marc:subfield>
            <marc:subfield code="d">1947-</marc:subfield>
            <marc:subfield code="0">http://viaf.org/viaf/115049141</marc:subfield>
            <marc:subfield code="4">aut</marc:subfield>
        </marc:datafield>
        <marc:datafield tag="240" ind1="1" ind2="0">
            <marc:subfield code="a">Gunnar Reiss-Andersen, sa han</marc:subfield>
            <marc:subfield code="l">dansk</marc:subfield>
            <marc:subfield code="0">http://example.org/gunnarreissandersensahan/title</marc:subfield>
        </marc:datafield>
        <marc:datafield tag="245" ind1="1" ind2="0">
            <marc:subfield code="a">"Gunnar Reiss-Andersen," sagde han /</marc:subfield>
            <marc:subfield code="c">Gunnar Staalesen ; oversat af Jan Bitsch Steffensen.</marc:subfield>
        </marc:datafield>
        <marc:datafield tag="260" ind1=" " ind2=" ">
            <marc:subfield code="a">[Aalborg] :</marc:subfield>
            <marc:subfield code="b">Blyanten,</marc:subfield>
            <marc:subfield code="c">1988.</marc:subfield>
        </marc:datafield>
        <marc:datafield tag="300" ind1=" " ind2=" ">
            <marc:subfield code="a">25 sider;</marc:subfield>
            <marc:subfield code="c">21 cm.</marc:subfield>
        </marc:datafield>
        <marc:datafield tag="336" ind1=" " ind2=" ">
            <marc:subfield code="b">txt</marc:subfield>
            <marc:subfield code="0">http://rdaregistry.info/termList/RDAContentType/1020</marc:subfield>
            <marc:subfield code="2">rdacontenttype</marc:subfield>
        </marc:datafield>
        <marc:datafield tag="337" ind1=" " ind2=" ">
            <marc:subfield code="b">n</marc:subfield>
            <marc:subfield code="0">http://rdaregistry.info/termList/RDAMediaType/1007</marc:subfield>
            <marc:subfield code="2">rdamedia</marc:subfield>
        </marc:datafield>
        <marc:datafield tag="338" ind1=" " ind2=" ">
            <marc:subfield code="b">nc</marc:subfield>
            <marc:subfield code="0">http://rdaregistry.info/termList/RDACarrierType/1049</marc:subfield>
            <marc:subfield code="2">rdacarriertype</marc:subfield>
        </marc:datafield>
        <marc:datafield tag="380" ind1=" " ind2=" ">
            <marc:subfield code="a">Detective and mystery fiction</marc:subfield>
            <marc:subfield code="2">lcgft</marc:subfield>
        </marc:datafield>
        <marc:datafield tag="600" ind1="1" ind2="4">
            <marc:subfield code="a">Veum, Varg</marc:subfield>
            <marc:subfield code="c">Fiktiv karakter</marc:subfield>
            <marc:subfield code="0">http://viaf.org/viaf/5991151051956233530003</marc:subfield>
        </marc:datafield>
        <marc:datafield tag="655" ind1=" " ind2="4">
            <marc:subfield code="a">Krim</marc:subfield>
        </marc:datafield>
        <marc:datafield tag="700" ind1="1" ind2=" ">
            <marc:subfield code="a">Steffensen, Jan Bitsch</marc:subfield>
            <marc:subfield code="d">1960-</marc:subfield>
            <marc:subfield code="4">trl</marc:subfield>
            <marc:subfield code="0">http://viaf.org/viaf/307277959</marc:subfield>
        </marc:datafield>
    </marc:record>