
    <marc:record>
        <marc:leader>01088cam a22002297i 4500</marc:leader>
        <marc:controlfield tag="001">FRBNF402411000000004</marc:controlfield>
        <marc:controlfield tag="008">061005s2006           g          b       </marc:controlfield>
        <marc:datafield tag="020" ind1=" " ind2=" ">
            <marc:subfield code="a">8205358060</marc:subfield>
        </marc:datafield>
        <marc:datafield tag="020" ind1=" " ind2=" ">
            <marc:subfield code="a">9788205358065</marc:subfield>
            <marc:subfield code="b">rel.</marc:subfield>
        </marc:datafield>
        <marc:datafield tag="041" ind1="0" ind2=" ">
            <marc:subfield code="a">nor</marc:subfield>
            <marc:subfield code="h">nor</marc:subfield>
        </marc:datafield>
        <marc:datafield tag="245" ind1="1" ind2=" ">
            <marc:subfield code="a">Dødens drabanter</marc:subfield>
            <marc:subfield code="b">kriminalroman</marc:subfield>
            <marc:subfield code="c">Gunnar Staalesen</marc:subfield>
        </marc:datafield>
        <marc:datafield tag="260" ind1=" " ind2=" ">
            <marc:subfield code="a">Oslo</marc:subfield>
            <marc:subfield code="b">Gyldendal</marc:subfield>
            <marc:subfield code="c">2006</marc:subfield>
        </marc:datafield>
        <marc:datafield tag="300" ind1=" " ind2=" ">
            <marc:subfield code="a">1 vol. (364 sider)</marc:subfield>
            <marc:subfield code="c">22 cm</marc:subfield>
        </marc:datafield>
        <marc:datafield tag="100" ind1="|" ind2=" ">
            <marc:subfield code="a">Staalesen, Gunnar</marc:subfield>
            <marc:subfield code="d">1947-</marc:subfield>
            <marc:subfield code="0">http://viaf.org/viaf/115049141</marc:subfield>
            <marc:subfield code="4">aut</marc:subfield>
        </marc:datafield>
        <marc:datafield tag="336" ind1=" " ind2=" ">
            <marc:subfield code="b">txt</marc:subfield>
            <marc:subfield code="0">http://rdaregistry.info/termList/RDAContentType/1020</marc:subfield>
            <marc:subfield code="2">rdacontenttype</marc:subfield>
        </marc:datafield>
        <marc:datafield tag="337" ind1=" " ind2=" ">
            <marc:subfield code="b">n</marc:subfield>
            <marc:subfield code="0">http://rdaregistry.info/termList/RDAMediaType/1007</marc:subfield>
            <marc:subfield code="2">rdamedia</marc:subfield>
        </marc:datafield>
        <marc:datafield tag="338" ind1=" " ind2=" ">
            <marc:subfield code="b">nc</marc:subfield>
            <marc:subfield code="0">http://rdaregistry.info/termList/RDACarrierType/1049</marc:subfield>
            <marc:subfield code="2">rdacarriertype</marc:subfield>
        </marc:datafield>
        <marc:datafield tag="380" ind1=" " ind2=" ">
            <marc:subfield code="a">Detective and mystery fiction</marc:subfield>
            <marc:subfield code="2">lcgft</marc:subfield>
        </marc:datafield>
        <marc:datafield tag="600" ind1="1" ind2="4">
            <marc:subfield code="a">Veum, Varg</marc:subfield>
            <marc:subfield code="c">Fiktiv karakter</marc:subfield>
            <marc:subfield code="0">http://viaf.org/viaf/5991151051956233530003</marc:subfield>
        </marc:datafield>
        <marc:datafield tag="655" ind1=" " ind2="4">
            <marc:subfield code="a">Krim</marc:subfield>
        </marc:datafield>
        <marc:datafield tag="700" ind1=" " ind2=" ">
            <marc:subfield code="a">Staalesen, Gunnar</marc:subfield>
            <marc:subfield code="d">1947-</marc:subfield>
            <marc:subfield code="t">Dødens drabanter</marc:subfield>
            <marc:subfield code="0">http://viaf.org/viaf/312484025</marc:subfield>
        </marc:datafield>
        <marc:datafield tag="700" ind1="1" ind2=" ">
            <marc:subfield code="a">Staalesen, Gunnar</marc:subfield>
            <marc:subfield code="d">1947-</marc:subfield>
            <marc:subfield code="t">Ansikt til ansikt</marc:subfield>
            <marc:subfield code="0">http://viaf.org/viaf/8277147484261349360004</marc:subfield>
            <marc:subfield code="4">http://rdaregistry.info/Elements/w/P10156</marc:subfield>
        </marc:datafield>
    </marc:record>