
    <marc:record>
        <marc:leader>01207cam a22002537i 4500</marc:leader>
        <marc:controlfield tag="001">FRBNF427698170000000</marc:controlfield>
        <marc:controlfield tag="008">130327s2010           g          b  nor  </marc:controlfield>
        <marc:datafield tag="020" ind1=" " ind2=" ">
            <marc:subfield code="a">9788205401211</marc:subfield>
            <marc:subfield code="b">rel</marc:subfield>
        </marc:datafield>
        <marc:datafield tag="020" ind1=" " ind2=" ">
            <marc:subfield code="a">8205401217</marc:subfield>
            <marc:subfield code="b">rel</marc:subfield>
        </marc:datafield>
        <marc:datafield tag="020" ind1=" " ind2=" ">
            <marc:subfield code="a">9788252575880</marc:subfield>
            <marc:subfield code="b">Bokklubben</marc:subfield>
        </marc:datafield>
        <marc:datafield tag="020" ind1=" " ind2=" ">
            <marc:subfield code="a">8252575889</marc:subfield>
            <marc:subfield code="b">Bokklubben</marc:subfield>
        </marc:datafield>
        <marc:datafield tag="041" ind1="0" ind2=" ">
            <marc:subfield code="a">nor</marc:subfield>
            <marc:subfield code="h">nor</marc:subfield>
        </marc:datafield>
        <marc:datafield tag="100" ind1="|" ind2=" ">
            <marc:subfield code="a">Staalesen, Gunnar</marc:subfield>
            <marc:subfield code="d">1947-</marc:subfield>
            <marc:subfield code="0">http://viaf.org/viaf/115049141</marc:subfield>
            <marc:subfield code="4">aut</marc:subfield>
        </marc:datafield>
        <marc:datafield tag="245" ind1="1" ind2=" ">
            <marc:subfield code="a">Vi skal arve vinden:</marc:subfield>
            <marc:subfield code="b">kriminalroman</marc:subfield>
            <marc:subfield code="c">Gunnar Staalesen</marc:subfield>
        </marc:datafield>
        <marc:datafield tag="260" ind1=" " ind2=" ">
            <marc:subfield code="a">[Oslo]:</marc:subfield>
            <marc:subfield code="b">Gyldendal</marc:subfield>
            <marc:subfield code="c">impr. 2010</marc:subfield>
        </marc:datafield>
        <marc:datafield tag="300" ind1=" " ind2=" ">
            <marc:subfield code="a">1 vol. (310 sider)</marc:subfield>
            <marc:subfield code="b">jaquette ill. en coul.</marc:subfield>
            <marc:subfield code="c">21 cm</marc:subfield>
        </marc:datafield>
        <marc:datafield tag="336" ind1=" " ind2=" ">
            <marc:subfield code="b">txt</marc:subfield>
            <marc:subfield code="0">http://rdaregistry.info/termList/RDAContentType/1020</marc:subfield>
            <marc:subfield code="2">rdacontenttype</marc:subfield>
        </marc:datafield>
        <marc:datafield tag="337" ind1=" " ind2=" ">
            <marc:subfield code="b">n</marc:subfield>
            <marc:subfield code="0">http://rdaregistry.info/termList/RDAMediaType/1007</marc:subfield>
            <marc:subfield code="2">rdamedia</marc:subfield>
        </marc:datafield>
        <marc:datafield tag="338" ind1=" " ind2=" ">
            <marc:subfield code="b">nc</marc:subfield>
            <marc:subfield code="0">http://rdaregistry.info/termList/RDACarrierType/1049</marc:subfield>
            <marc:subfield code="2">rdacarriertype</marc:subfield>
        </marc:datafield>
        <marc:datafield tag="380" ind1=" " ind2=" ">
            <marc:subfield code="a">Detective and mystery fiction</marc:subfield>
            <marc:subfield code="2">lcgft</marc:subfield>
        </marc:datafield>
        <marc:datafield tag="600" ind1="1" ind2="4">
            <marc:subfield code="a">Veum, Varg</marc:subfield>
            <marc:subfield code="c">Fiktiv karakter</marc:subfield>
            <marc:subfield code="0">http://viaf.org/viaf/5991151051956233530003</marc:subfield>
        </marc:datafield>
        <marc:datafield tag="655" ind1=" " ind2="4">
            <marc:subfield code="a">Krim</marc:subfield>
        </marc:datafield>
        <marc:datafield tag="700" ind1=" " ind2=" ">
            <marc:subfield code="a">Staalesen, Gunnar</marc:subfield>
            <marc:subfield code="d">1947-</marc:subfield>
            <marc:subfield code="t">Vi skal arve vinden</marc:subfield>
            <marc:subfield code="0">http://viaf.org/viaf/308664515</marc:subfield>
        </marc:datafield>
        <marc:datafield tag="700" ind1="1" ind2=" ">
            <marc:subfield code="a">Staalesen, Gunnar</marc:subfield>
            <marc:subfield code="d">1947-</marc:subfield>
            <marc:subfield code="t">Kalde hjerter</marc:subfield>
            <marc:subfield code="0">http://viaf.org/viaf/5591155105783076320007</marc:subfield>
            <marc:subfield code="4">http://rdaregistry.info/Elements/w/P10156</marc:subfield>
        </marc:datafield>
    </marc:record>