
    <marc:record>
        <marc:leader>01002nam a2200217 i 4500</marc:leader>
        <marc:controlfield tag="001">FRBNF357198200000002</marc:controlfield>
        <marc:controlfield tag="008">941108s1994           g          b  fre  </marc:controlfield>
        <marc:datafield tag="020" ind1=" " ind2=" ">
            <marc:subfield code="a">2268017656</marc:subfield>
            <marc:subfield code="b">br.</marc:subfield>
            <marc:subfield code="c">135 F</marc:subfield>
        </marc:datafield>
        <marc:datafield tag="041" ind1="1" ind2=" ">
            <marc:subfield code="a">fre</marc:subfield>
            <marc:subfield code="h">nor</marc:subfield>
        </marc:datafield>
        <marc:datafield tag="100" ind1="|" ind2=" ">
            <marc:subfield code="a">Staalesen, Gunnar</marc:subfield>
            <marc:subfield code="d">1947-</marc:subfield>
            <marc:subfield code="0">http://viaf.org/viaf/115049141</marc:subfield>
            <marc:subfield code="4">aut</marc:subfield>
        </marc:datafield>
        <marc:datafield tag="240" ind1="1" ind2="0">
            <marc:subfield code="a">Bukken til havresekken</marc:subfield>
            <marc:subfield code="l">fransk</marc:subfield>
            <marc:subfield code="0">http://viaf.org/viaf/309365497</marc:subfield>
        </marc:datafield>
        <marc:datafield tag="245" ind1="1" ind2=" ">
            <marc:subfield code="a">Le loup dans la bergerie /</marc:subfield>
            <marc:subfield code="c">Gunnar Staalesen</marc:subfield>
        </marc:datafield>
        <marc:datafield tag="260" ind1=" " ind2=" ">
            <marc:subfield code="a">Monaco</marc:subfield>
            <marc:subfield code="a">[Paris]</marc:subfield>
            <marc:subfield code="b">Éd. du Rocher</marc:subfield>
            <marc:subfield code="c">1994</marc:subfield>
        </marc:datafield>
        <marc:datafield tag="300" ind1=" " ind2=" ">
            <marc:subfield code="a">283 sider</marc:subfield>
            <marc:subfield code="b">couv. ill. en coul.</marc:subfield>
            <marc:subfield code="c">23 cm</marc:subfield>
        </marc:datafield>
        <marc:datafield tag="336" ind1=" " ind2=" ">
            <marc:subfield code="b">txt</marc:subfield>
            <marc:subfield code="0">http://rdaregistry.info/termList/RDAContentType/1020</marc:subfield>
            <marc:subfield code="2">rdacontenttype</marc:subfield>
        </marc:datafield>
        <marc:datafield tag="337" ind1=" " ind2=" ">
            <marc:subfield code="b">n</marc:subfield>
            <marc:subfield code="0">http://rdaregistry.info/termList/RDAMediaType/1007</marc:subfield>
            <marc:subfield code="2">rdamedia</marc:subfield>
        </marc:datafield>
        <marc:datafield tag="338" ind1=" " ind2=" ">
            <marc:subfield code="b">nc</marc:subfield>
            <marc:subfield code="0">http://rdaregistry.info/termList/RDACarrierType/1049</marc:subfield>
            <marc:subfield code="2">rdacarriertype</marc:subfield>
        </marc:datafield>
        <marc:datafield tag="380" ind1=" " ind2=" ">
            <marc:subfield code="a">Detective and mystery fiction</marc:subfield>
            <marc:subfield code="2">lcgft</marc:subfield>
        </marc:datafield>
        <marc:datafield tag="600" ind1="1" ind2="4">
            <marc:subfield code="a">Veum, Varg</marc:subfield>
            <marc:subfield code="c">Fiktiv karakter</marc:subfield>
            <marc:subfield code="0">http://viaf.org/viaf/5991151051956233530003</marc:subfield>
        </marc:datafield>
        <marc:datafield tag="655" ind1=" " ind2="4">
            <marc:subfield code="a">Krim</marc:subfield>
        </marc:datafield>
        <marc:datafield tag="700" ind1="1" ind2=" ">
            <marc:subfield code="a">Gouchet, Olivier</marc:subfield>
            <marc:subfield code="d">1949-</marc:subfield>
            <marc:subfield code="4">trl</marc:subfield>
            <marc:subfield code="0">http://viaf.org/viaf/46813814</marc:subfield>
        </marc:datafield>
    </marc:record>