
    <marc:record>
        <marc:leader>00992nam a2200229 c 4500</marc:leader>
        <marc:controlfield tag="001">778069850</marc:controlfield>
        <marc:controlfield tag="003">DE-601</marc:controlfield>
        <marc:controlfield tag="005">20180504092129.0</marc:controlfield>
        <marc:controlfield tag="008">140207s2013    no            000 0 nor d</marc:controlfield>
        <marc:datafield tag="020" ind1=" " ind2=" ">
            <marc:subfield code="a">9788293184287</marc:subfield>
            <marc:subfield code="9">978-82-93184-28-7</marc:subfield>
        </marc:datafield>
        <marc:datafield tag="041" ind1="0" ind2=" ">
            <marc:subfield code="a">nor</marc:subfield>
        </marc:datafield>
        <marc:datafield tag="100" ind1="1" ind2=" ">
            <marc:subfield code="a">Horst, Jørn Lier</marc:subfield>
            <marc:subfield code="d">1970-</marc:subfield>
            <marc:subfield code="0">http://viaf.org/viaf/7170235</marc:subfield>
            <marc:subfield code="4">aut</marc:subfield>
        </marc:datafield>
        <marc:datafield tag="245" ind1="0" ind2="0">
            <marc:subfield code="a">Døden ved Verdens ende :</marc:subfield>
            <marc:subfield code="b">18 krimnoveller/</marc:subfield>
            <marc:subfield code="c">skrevet av Jørn Lier Horst ... Red. Marte Østmoe ... Ill.: Kari-Mette Astrup</marc:subfield>
        </marc:datafield>
        <marc:datafield tag="264" ind1="3" ind2="1">
            <marc:subfield code="a">[Larvik]</marc:subfield>
            <marc:subfield code="b">Liv forl.</marc:subfield>
            <marc:subfield code="c">[2013]</marc:subfield>
        </marc:datafield>
        <marc:datafield tag="300" ind1=" " ind2=" ">
            <marc:subfield code="a">301 sider</marc:subfield>
            <marc:subfield code="b">ill.</marc:subfield>
        </marc:datafield>
        <marc:datafield tag="336" ind1=" " ind2=" ">
            <marc:subfield code="b">txt</marc:subfield>
            <marc:subfield code="0">http://rdaregistry.info/termList/RDAContentType/1020</marc:subfield>
            <marc:subfield code="2">rdacontenttype</marc:subfield>
        </marc:datafield>
        <marc:datafield tag="337" ind1=" " ind2=" ">
            <marc:subfield code="b">n</marc:subfield>
            <marc:subfield code="0">http://rdaregistry.info/termList/RDAMediaType/1007</marc:subfield>
            <marc:subfield code="2">rdamedia</marc:subfield>
        </marc:datafield>
        <marc:datafield tag="338" ind1=" " ind2=" ">
            <marc:subfield code="b">nc</marc:subfield>
            <marc:subfield code="0">http://rdaregistry.info/termList/RDACarrierType/1049</marc:subfield>
            <marc:subfield code="2">rdacarriertype</marc:subfield>
        </marc:datafield>
        <marc:datafield tag="380" ind1=" " ind2=" ">
            <marc:subfield code="a">Short stories</marc:subfield>
            <marc:subfield code="2">lcfgt</marc:subfield>
        </marc:datafield>
        <marc:datafield tag="655" ind1=" " ind2=" ">
            <marc:subfield code="a">krim</marc:subfield>
        </marc:datafield>
        <marc:datafield tag="700" ind1="1" ind2=" ">
            <marc:subfield code="a">Østmoe, Marte</marc:subfield>
            <marc:subfield code="4">edt</marc:subfield>
            <marc:subfield code="0">http://viaf.org/viaf/755144928075754341162</marc:subfield>
        </marc:datafield>
        <marc:datafield tag="700" ind1="1" ind2=" ">
            <marc:subfield code="a">Astrup, Kari-Mette</marc:subfield>
            <marc:subfield code="4">ill</marc:subfield>
            <marc:subfield code="0">http://viaf.org/viaf/11145969926032250144</marc:subfield>
        </marc:datafield>
    </marc:record>