
    <marc:record>
        <marc:leader>01230nam a2200265 c 4500</marc:leader>
        <marc:controlfield tag="001">745784798</marc:controlfield>
        <marc:controlfield tag="003">DE-601</marc:controlfield>
        <marc:controlfield tag="005">20160117165200.0</marc:controlfield>
        <marc:controlfield tag="008">130513s2013    gw            000 0 ger d</marc:controlfield>
        <marc:datafield tag="020" ind1=" " ind2=" ">
            <marc:subfield code="a">9783894256708</marc:subfield>
            <marc:subfield code="c">Gb. : EUR 22.99 (DE)</marc:subfield>
            <marc:subfield code="9">978-3-89425-670-8</marc:subfield>
        </marc:datafield>
        <marc:datafield tag="041" ind1="1" ind2=" ">
            <marc:subfield code="a">ger</marc:subfield>
            <marc:subfield code="h">nor</marc:subfield>
        </marc:datafield>
        <marc:datafield tag="100" ind1="1" ind2=" ">
            <marc:subfield code="a">Horst, Jørn Lier</marc:subfield>
            <marc:subfield code="d">1970-</marc:subfield>
            <marc:subfield code="0">http://viaf.org/viaf/7170235</marc:subfield>
            <marc:subfield code="4">aut</marc:subfield>
        </marc:datafield>
        <marc:datafield tag="240" ind1="1" ind2="0">
            <marc:subfield code="a">Jakthundene</marc:subfield>
            <marc:subfield code="l">tysk</marc:subfield>
            <marc:subfield code="0">http://example.com/jakthundene/tittel   </marc:subfield>
        </marc:datafield>
        <marc:datafield tag="245" ind1="1" ind2="0">
            <marc:subfield code="a">Jagdhunde :</marc:subfield>
            <marc:subfield code="b">Kriminalroman /</marc:subfield>
            <marc:subfield code="c">Jørn Lier Horst. Aus dem Norweg. von Andreas Brunstermann</marc:subfield>
        </marc:datafield>
        <marc:datafield tag="250" ind1=" " ind2=" ">
            <marc:subfield code="a">1. Aufl.</marc:subfield>
        </marc:datafield>
        <marc:datafield tag="264" ind1="3" ind2="1">
            <marc:subfield code="a">Dortmund</marc:subfield>
            <marc:subfield code="b">Grafit-Verl.</marc:subfield>
            <marc:subfield code="c">2013</marc:subfield>
        </marc:datafield>
        <marc:datafield tag="300" ind1=" " ind2=" ">
            <marc:subfield code="a">381 sider</marc:subfield>
        </marc:datafield>
        <marc:datafield tag="336" ind1=" " ind2=" ">
            <marc:subfield code="b">txt</marc:subfield>
            <marc:subfield code="0">http://rdaregistry.info/termList/RDAContentType/1020</marc:subfield>
            <marc:subfield code="2">rdacontenttype</marc:subfield>
        </marc:datafield>
        <marc:datafield tag="337" ind1=" " ind2=" ">
            <marc:subfield code="b">n</marc:subfield>
            <marc:subfield code="0">http://rdaregistry.info/termList/RDAMediaType/1007</marc:subfield>
            <marc:subfield code="2">rdamedia</marc:subfield>
        </marc:datafield>
        <marc:datafield tag="338" ind1=" " ind2=" ">
            <marc:subfield code="b">nc</marc:subfield>
            <marc:subfield code="0">http://rdaregistry.info/termList/RDACarrierType/1049</marc:subfield>
            <marc:subfield code="2">rdacarriertype</marc:subfield>
        </marc:datafield>
        <marc:datafield tag="380" ind1=" " ind2=" ">
            <marc:subfield code="a">Detective and mystery fiction</marc:subfield>
            <marc:subfield code="2">lcgft</marc:subfield>
        </marc:datafield>
        <marc:datafield tag="600" ind1="1" ind2="4">
            <marc:subfield code="a">Wisting, William</marc:subfield>
            <marc:subfield code="c">Fiktiv karakter</marc:subfield>
            <marc:subfield code="0">http://viaf.org/viaf/755144928075754341162</marc:subfield>
        </marc:datafield>
        <marc:datafield tag="655" ind1=" " ind2=" ">
            <marc:subfield code="a">krim</marc:subfield>
        </marc:datafield>
        <marc:datafield tag="700" ind1="1" ind2=" ">
            <marc:subfield code="a">Brunstermann, Andreas</marc:subfield>
            <marc:subfield code="4">trl</marc:subfield>
            <marc:subfield code="0">http://viaf.org/viaf/81592398</marc:subfield>
        </marc:datafield>
        <marc:datafield tag="700" ind1="1" ind2=" ">
            <marc:subfield code="a">Horst, Jørn Lier</marc:subfield>
            <marc:subfield code="d">1970-</marc:subfield>
            <marc:subfield code="t">Vinterstengt</marc:subfield>
            <marc:subfield code="0">http://viaf.org/viaf/308171610</marc:subfield>
            <marc:subfield code="4">http://rdaregistry.info/Elements/w/P10156</marc:subfield>
        </marc:datafield>
    </marc:record>