
    <marc:record>
        <marc:leader>01395nam a2200277 c 4500</marc:leader>
        <marc:controlfield tag="001">a5951249</marc:controlfield>
        <marc:controlfield tag="003">SpMaBN</marc:controlfield>
        <marc:controlfield tag="005">20180326095003.2</marc:controlfield>
        <marc:controlfield tag="008">170418s2017    sp a          000 1 spa  </marc:controlfield>
        <marc:datafield tag="020" ind1=" " ind2=" ">
            <marc:subfield code="a">978-84-246-5937-0</marc:subfield>
        </marc:datafield>
        <marc:datafield tag="041" ind1="1" ind2=" ">
            <marc:subfield code="a">spa</marc:subfield>
            <marc:subfield code="h">nor</marc:subfield>
        </marc:datafield>
        <marc:datafield tag="100" ind1="1" ind2=" ">
            <marc:subfield code="a">Horst, Jørn Lier</marc:subfield>
            <marc:subfield code="d">1970-</marc:subfield>
            <marc:subfield code="0">http://viaf.org/viaf/7170235</marc:subfield>
            <marc:subfield code="4">aut</marc:subfield>
        </marc:datafield>
        <marc:datafield tag="240" ind1="1" ind2="0">
            <marc:subfield code="a">Operasjon Tordensky</marc:subfield>
            <marc:subfield code="l">spansk</marc:subfield>
            <marc:subfield code="0">http://example.com/Operasjon/Tordensky/tittel   </marc:subfield>
        </marc:datafield>
        <marc:datafield tag="245" ind1="1" ind2="3">
            <marc:subfield code="a">Un nuevo caso para la agencia /</marc:subfield>
            <marc:subfield code="c">Jørn Lier Horst ; Hans Jørgen Sandnes ; traducción de Bente Teigen Gundersen y Mónica Sainz Serrano</marc:subfield>
        </marc:datafield>
        <marc:datafield tag="250" ind1=" " ind2=" ">
            <marc:subfield code="a">1ª ed.</marc:subfield>
        </marc:datafield>
        <marc:datafield tag="260" ind1=" " ind2=" ">
            <marc:subfield code="a">Barcelona</marc:subfield>
            <marc:subfield code="b">La Galera</marc:subfield>
            <marc:subfield code="c">2017</marc:subfield>
        </marc:datafield>
        <marc:datafield tag="300" ind1=" " ind2=" ">
            <marc:subfield code="a">98 sider</marc:subfield>
            <marc:subfield code="b">ill. kol.</marc:subfield>
            <marc:subfield code="c">21 cm</marc:subfield>
        </marc:datafield>
        <marc:datafield tag="336" ind1=" " ind2=" ">
            <marc:subfield code="b">txt</marc:subfield>
            <marc:subfield code="0">http://rdaregistry.info/termList/RDAContentType/1020</marc:subfield>
            <marc:subfield code="2">rdacontenttype</marc:subfield>
        </marc:datafield>
        <marc:datafield tag="337" ind1=" " ind2=" ">
            <marc:subfield code="b">n</marc:subfield>
            <marc:subfield code="0">http://rdaregistry.info/termList/RDAMediaType/1007</marc:subfield>
            <marc:subfield code="2">rdamedia</marc:subfield>
        </marc:datafield>
        <marc:datafield tag="655" ind1=" " ind2=" ">
            <marc:subfield code="a">krim</marc:subfield>
        </marc:datafield>
        <marc:datafield tag="700" ind1="1" ind2=" ">
            <marc:subfield code="a">Sandnes, Hans Jørgen</marc:subfield>
            <marc:subfield code="d">1979-</marc:subfield>
            <marc:subfield code="4">ill</marc:subfield>
            <marc:subfield code="0">http://viaf.org/viaf/222632912</marc:subfield>
        </marc:datafield>
        <marc:datafield tag="700" ind1="1" ind2=" ">
            <marc:subfield code="a">Gundersen, Bente Teigen</marc:subfield>
            <marc:subfield code="d">1969-</marc:subfield>
            <marc:subfield code="4">trl</marc:subfield>
            <marc:subfield code="0">http://viaf.org/viaf/305879041</marc:subfield>
        </marc:datafield>
        <marc:datafield tag="700" ind1="1" ind2=" ">
            <marc:subfield code="a">Sainz Serrano, Mónica</marc:subfield>
            <marc:subfield code="d">1990-</marc:subfield>
            <marc:subfield code="4">trl</marc:subfield>
            <marc:subfield code="0">http://viaf.org/viaf/1152636168520052676</marc:subfield>
        </marc:datafield>
        <marc:datafield tag="700" ind1="1" ind2=" ">
            <marc:subfield code="a">Horst, Jørn Lier</marc:subfield>
            <marc:subfield code="d">1970-</marc:subfield>
            <marc:subfield code="t">Operasjon bronsjeplass</marc:subfield>
            <marc:subfield code="0">http://example.com/Operasjon-bronsjeplass/tittel</marc:subfield>
            <marc:subfield code="4">http://rdaregistry.info/Elements/w/P10156</marc:subfield>
        </marc:datafield>
        <marc:datafield tag="338" ind1=" " ind2=" ">
            <marc:subfield code="b">nc</marc:subfield>
            <marc:subfield code="0">http://rdaregistry.info/termList/RDACarrierType/1049</marc:subfield>
            <marc:subfield code="2">rdacarriertype</marc:subfield>
        </marc:datafield>
        <marc:datafield tag="380" ind1=" " ind2=" ">
            <marc:subfield code="a">Detective and mystery fiction</marc:subfield>
            <marc:subfield code="2">lcgft</marc:subfield>
        </marc:datafield>
    </marc:record>