
    <marc:record>
        <marc:leader>01025nim a22002294  450 </marc:leader>
        <marc:controlfield tag="001">50706206</marc:controlfield>
        <marc:controlfield tag="005">20181022214857.0</marc:controlfield>
        <marc:controlfield tag="007">s|||||||||||||</marc:controlfield>
        <marc:controlfield tag="008">000000s2013    dk                | dan d</marc:controlfield>
        <marc:datafield tag="041" ind1="1" ind2=" ">
            <marc:subfield code="a">dan</marc:subfield>
            <marc:subfield code="h">nor</marc:subfield>
        </marc:datafield>
        <marc:datafield tag="100" ind1="1" ind2=" ">
            <marc:subfield code="a">Horst, Jørn Lier</marc:subfield>
            <marc:subfield code="d">1970-</marc:subfield>
            <marc:subfield code="0">http://viaf.org/viaf/7170235</marc:subfield>
            <marc:subfield code="4">aut</marc:subfield>
        </marc:datafield>
        <marc:datafield tag="240" ind1="1" ind2="0">
            <marc:subfield code="a">Vinterstengt</marc:subfield>
            <marc:subfield code="l">dansk</marc:subfield>
            <marc:subfield code="0">http://viaf.org/viaf/308171610 </marc:subfield>
        </marc:datafield>
        <marc:datafield tag="245" ind1="1" ind2="0">
            <marc:subfield code="a">Vinterlukket</marc:subfield>
            <marc:subfield code="c">Jørn Lier Horst</marc:subfield>
        </marc:datafield>
        <marc:datafield tag="260" ind1=" " ind2=" ">
            <marc:subfield code="b">AV Forlaget Den Grimme ¡lling,</marc:subfield>
            <marc:subfield code="c">2013.</marc:subfield>
        </marc:datafield>
        <marc:datafield tag="336" ind1=" " ind2=" ">
            <marc:subfield code="b">spw</marc:subfield>
            <marc:subfield code="0">http://rdaregistry.info/termList/RDAContentType/1013</marc:subfield>
            <marc:subfield code="2">rdacontenttype</marc:subfield>
        </marc:datafield>
        <marc:datafield tag="337" ind1=" " ind2=" ">
            <marc:subfield code="b">s</marc:subfield>
            <marc:subfield code="0">http://rdaregistry.info/termList/RDAMediaType/1001</marc:subfield>
            <marc:subfield code="2">rdamedia</marc:subfield>
        </marc:datafield>
        <marc:datafield tag="338" ind1=" " ind2=" ">
            <marc:subfield code="b">cd</marc:subfield>
            <marc:subfield code="0">http://rdaregistry.info/termList/RDACarrierType/1013</marc:subfield>
            <marc:subfield code="2">rdacarrier</marc:subfield>
        </marc:datafield>
        <marc:datafield tag="534" ind1=" " ind2=" ">
            <marc:subfield code="a">Indlæst efter 1. udgave. 2012295626799788792621764.</marc:subfield>
        </marc:datafield>
        <marc:datafield tag="655" ind1=" " ind2=" ">
            <marc:subfield code="a">krim</marc:subfield>
        </marc:datafield>
        <marc:datafield tag="700" ind1="1" ind2=" ">
            <marc:subfield code="a">Sekov, Torben</marc:subfield>
            <marc:subfield code="4">nrt</marc:subfield>
            <marc:subfield code="0">https://www.imdb.com/name/nm1368717/</marc:subfield>
        </marc:datafield>
        <marc:datafield tag="700" ind1="1" ind2=" ">
            <marc:subfield code="a">Horst, Jørn Lier</marc:subfield>
            <marc:subfield code="d">1970-</marc:subfield>
            <marc:subfield code="t">Bunnfall</marc:subfield>
            <marc:subfield code="0">http://viaf.org/viaf/307141130</marc:subfield>
            <marc:subfield code="4">http://rdaregistry.info/Elements/w/P10156</marc:subfield>
        </marc:datafield>
        <marc:datafield tag="380" ind1=" " ind2=" ">
            <marc:subfield code="a">Detective and mystery fiction</marc:subfield>
            <marc:subfield code="2">lcgft</marc:subfield>
        </marc:datafield>
    </marc:record>