
    <marc:record>
        <marc:leader>01170nam a2200265 c 4500</marc:leader>
        <marc:controlfield tag="001">a6017294</marc:controlfield>
        <marc:controlfield tag="003">SpMaBN</marc:controlfield>
        <marc:controlfield tag="005">20180406182318.6</marc:controlfield>
        <marc:controlfield tag="008">170901s2017    sp     | |||| 000 f spa  </marc:controlfield>
        <marc:datafield tag="020" ind1=" " ind2=" ">
            <marc:subfield code="a">978-84-16709-98-4</marc:subfield>
        </marc:datafield>
        <marc:datafield tag="041" ind1="1" ind2=" ">
            <marc:subfield code="a">spa</marc:subfield>
            <marc:subfield code="h">nor</marc:subfield>
        </marc:datafield>
        <marc:datafield tag="100" ind1="1" ind2=" ">
            <marc:subfield code="a">Holt, Anne</marc:subfield>
            <marc:subfield code="d">1958-</marc:subfield>
            <marc:subfield code="0">http://viaf.org/viaf/59128005</marc:subfield>
            <marc:subfield code="4">aut</marc:subfield>
        </marc:datafield>
        <marc:datafield tag="240" ind1="1" ind2="0">
            <marc:subfield code="a">Offline</marc:subfield>
            <marc:subfield code="l">spansk</marc:subfield>
            <marc:subfield code="0">http://viaf.org/viaf/2687151002105130280005 </marc:subfield>
        </marc:datafield>
        <marc:datafield tag="245" ind1="1" ind2="0">
            <marc:subfield code="a">Offline</marc:subfield>
            <marc:subfield code="c">Anne Holt ; traducción de Lotte Katrine Tollefsen</marc:subfield>
        </marc:datafield>
        <marc:datafield tag="250" ind1=" " ind2=" ">
            <marc:subfield code="a">1ª ed.</marc:subfield>
        </marc:datafield>
        <marc:datafield tag="260" ind1=" " ind2=" ">
            <marc:subfield code="a">[Barcelona]</marc:subfield>
            <marc:subfield code="b">[Reservoir Books]</marc:subfield>
            <marc:subfield code="c">2017</marc:subfield>
        </marc:datafield>
        <marc:datafield tag="300" ind1=" " ind2=" ">
            <marc:subfield code="a">381 sider</marc:subfield>
            <marc:subfield code="c">22 cm</marc:subfield>
        </marc:datafield>
        <marc:datafield tag="336" ind1=" " ind2=" ">
            <marc:subfield code="b">txt</marc:subfield>
            <marc:subfield code="0">http://rdaregistry.info/termList/RDAContentType/1020</marc:subfield>
            <marc:subfield code="2">rdacontenttype</marc:subfield>
        </marc:datafield>
        <marc:datafield tag="337" ind1=" " ind2=" ">
            <marc:subfield code="b">n</marc:subfield>
            <marc:subfield code="0">http://rdaregistry.info/termList/RDAMediaType/1007</marc:subfield>
            <marc:subfield code="2">rdamedia</marc:subfield>
        </marc:datafield>
        <marc:datafield tag="655" ind1=" " ind2=" ">
            <marc:subfield code="a">krim</marc:subfield>
        </marc:datafield>
        <marc:datafield tag="600" ind1="1" ind2="4">
            <marc:subfield code="a">Wilhelmsen, Hanne</marc:subfield>
            <marc:subfield code="c">Fiktiv karakter</marc:subfield>
            <marc:subfield code="0">https://www.worldcat.org/identities/lccn-n2013049431/</marc:subfield>
        </marc:datafield>
        <marc:datafield tag="700" ind1="1" ind2=" ">
            <marc:subfield code="a">Tollefsen, Lotte K.</marc:subfield>
            <marc:subfield code="4">trl</marc:subfield>
            <marc:subfield code="0">http://viaf.org/viaf/292896787</marc:subfield>
        </marc:datafield>
        <marc:datafield tag="700" ind1="1" ind2=" ">
            <marc:subfield code="a">Holt, Anne</marc:subfield>
            <marc:subfield code="d">1958-</marc:subfield>
            <marc:subfield code="t">1222</marc:subfield>
            <marc:subfield code="0">http://example.com/tittel/1222</marc:subfield>
            <marc:subfield code="4">http://rdaregistry.info/Elements/w/P10156</marc:subfield>
        </marc:datafield>
        <marc:datafield tag="338" ind1=" " ind2=" ">
            <marc:subfield code="b">nc</marc:subfield>
            <marc:subfield code="0">http://rdaregistry.info/termList/RDACarrierType/1049</marc:subfield>
            <marc:subfield code="2">rdacarriertype</marc:subfield>
        </marc:datafield>
        <marc:datafield tag="380" ind1=" " ind2=" ">
            <marc:subfield code="a">Detective and mystery fiction</marc:subfield>
            <marc:subfield code="2">lcgft</marc:subfield>
        </marc:datafield>
    </marc:record>