
    <marc:record>
        <marc:leader>01269pam a2200277 i 4500</marc:leader>
        <marc:controlfield tag="001">017871246</marc:controlfield>
        <marc:controlfield tag="003">Uk</marc:controlfield>
        <marc:controlfield tag="005">20170823122149.0</marc:controlfield>
        <marc:controlfield tag="008">160418r20162009enk           000|1|eng|d</marc:controlfield>
        <marc:datafield tag="020" ind1=" " ind2=" ">
            <marc:subfield code="a">9781848876156 (paperback) :</marc:subfield>
            <marc:subfield code="c">£7.99</marc:subfield>
        </marc:datafield>
        <marc:datafield tag="020" ind1=" " ind2=" ">
            <marc:subfield code="a">9781782390954 (trade paperback)</marc:subfield>
        </marc:datafield>
        <marc:datafield tag="020" ind1=" " ind2=" ">
            <marc:subfield code="z">9780857894359 (ebook) :</marc:subfield>
            <marc:subfield code="c">No price</marc:subfield>
        </marc:datafield>
        <marc:datafield tag="041" ind1="1" ind2=" ">
            <marc:subfield code="a">eng</marc:subfield>
            <marc:subfield code="h">nor</marc:subfield>
        </marc:datafield>
        <marc:datafield tag="100" ind1="1" ind2=" ">
            <marc:subfield code="a">Holt, Anne</marc:subfield>
            <marc:subfield code="d">1958-</marc:subfield>
            <marc:subfield code="0">http://viaf.org/viaf/59128005</marc:subfield>
            <marc:subfield code="4">aut</marc:subfield>
        </marc:datafield>
        <marc:datafield tag="240" ind1="1" ind2="0">
            <marc:subfield code="a">Presidentens valg</marc:subfield>
            <marc:subfield code="l">engelsk</marc:subfield>
            <marc:subfield code="0">http://viaf.org/viaf/1604154387136230970000 </marc:subfield>
        </marc:datafield>
        <marc:datafield tag="245" ind1="1" ind2="0">
            <marc:subfield code="a">Death in Oslo</marc:subfield>
            <marc:subfield code="c">Anne Holt ; translated by Kari Dickson</marc:subfield>
        </marc:datafield>
        <marc:datafield tag="264" ind1=" " ind2="1">
            <marc:subfield code="a">London :</marc:subfield>
            <marc:subfield code="b">Corvus,</marc:subfield>
            <marc:subfield code="c">2016.</marc:subfield>
        </marc:datafield>
        <marc:datafield tag="300" ind1=" " ind2=" ">
            <marc:subfield code="a">424 sider ;</marc:subfield>
            <marc:subfield code="c">20 cm.</marc:subfield>
        </marc:datafield>
        <marc:datafield tag="336" ind1=" " ind2=" ">
            <marc:subfield code="b">txt</marc:subfield>
            <marc:subfield code="0">http://rdaregistry.info/termList/RDAContentType/1020</marc:subfield>
            <marc:subfield code="2">rdacontenttype</marc:subfield>
        </marc:datafield>
        <marc:datafield tag="337" ind1=" " ind2=" ">
            <marc:subfield code="b">n</marc:subfield>
            <marc:subfield code="0">http://rdaregistry.info/termList/RDAMediaType/1007</marc:subfield>
            <marc:subfield code="2">rdamedia</marc:subfield>
        </marc:datafield>
        <marc:datafield tag="600" ind1="1" ind2="4">
            <marc:subfield code="a">Wilhelmsen, Hanne</marc:subfield>
            <marc:subfield code="c">Fiktiv karakter</marc:subfield>
            <marc:subfield code="0">https://www.worldcat.org/identities/lccn-n2013049431/</marc:subfield>
        </marc:datafield>
        <marc:datafield tag="655" ind1=" " ind2=" ">
            <marc:subfield code="a">krim</marc:subfield>
        </marc:datafield>
        <marc:datafield tag="700" ind1="1" ind2=" ">
            <marc:subfield code="a">Dickson, Kari</marc:subfield>
            <marc:subfield code="d">1966-</marc:subfield>
            <marc:subfield code="4">trl</marc:subfield>
            <marc:subfield code="0">http://viaf.org/viaf/33880603</marc:subfield>
        </marc:datafield>
        <marc:datafield tag="700" ind1="1" ind2=" ">
            <marc:subfield code="a">Holt, Anne</marc:subfield>
            <marc:subfield code="d">1958-</marc:subfield>
            <marc:subfield code="t">Det som aldri skjer</marc:subfield>
            <marc:subfield code="0">http://viaf.org/viaf/309518285</marc:subfield>
            <marc:subfield code="4">http://rdaregistry.info/Elements/w/P10156</marc:subfield>
        </marc:datafield>
        <marc:datafield tag="338" ind1=" " ind2=" ">
            <marc:subfield code="b">nc</marc:subfield>
            <marc:subfield code="0">http://rdaregistry.info/termList/RDACarrierType/1049</marc:subfield>
            <marc:subfield code="2">rdacarriertype</marc:subfield>
        </marc:datafield>
        <marc:datafield tag="380" ind1=" " ind2=" ">
            <marc:subfield code="a">Detective and mystery fiction</marc:subfield>
            <marc:subfield code="2">lcgft</marc:subfield>
        </marc:datafield>
    </marc:record>