
    <marc:record>
        <marc:leader>00803nam a22001699  450 </marc:leader>
        <marc:controlfield tag="001">103704</marc:controlfield>
        <marc:controlfield tag="008">000000s2007    xx            00| u und d</marc:controlfield>
        <marc:datafield tag="100" ind1="1" ind2=" ">
            <marc:subfield code="a">Bæhr, Anne Klara</marc:subfield>
            <marc:subfield code="4">aut</marc:subfield>
            <marc:subfield code="0">http://viaf.org/viaf/25151897077624070975</marc:subfield>
        </marc:datafield>
        <marc:datafield tag="245" ind1="0" ind2="0">
            <marc:subfield code="a">Norges krimi-dronning /</marc:subfield>
            <marc:subfield code="c">skrevet af Anne Klara Bæhr</marc:subfield>
        </marc:datafield>
        <marc:datafield tag="336" ind1=" " ind2=" ">
            <marc:subfield code="b">txt</marc:subfield>
            <marc:subfield code="0">http://rdaregistry.info/termList/RDAContentType/1020</marc:subfield>
            <marc:subfield code="2">rdacontenttype</marc:subfield>
        </marc:datafield>
        <marc:datafield tag="337" ind1=" " ind2=" ">
            <marc:subfield code="b">c</marc:subfield>
            <marc:subfield code="0">http://rdaregistry.info/termList/RDAMediaType/1003</marc:subfield>
            <marc:subfield code="2">rdamedia</marc:subfield>
        </marc:datafield>
        <marc:datafield tag="338" ind1=" " ind2=" ">
            <marc:subfield code="b">cr</marc:subfield>
            <marc:subfield code="0">http://rdaregistry.info/termList/RDACarrierType/1018</marc:subfield>
            <marc:subfield code="2">rdacarrier</marc:subfield>
        </marc:datafield>
        <marc:datafield tag="380" ind1=" " ind2=" ">
            <marc:subfield code="a">Interviews</marc:subfield>
            <marc:subfield code="2">lcgf</marc:subfield>
        </marc:datafield>
        <marc:datafield tag="600" ind1=" " ind2=" ">
            <marc:subfield code="a">Holt, Anne</marc:subfield>
            <marc:subfield code="d">1958-</marc:subfield>
            <marc:subfield code="0">http://viaf.org/viaf/59128005</marc:subfield>
        </marc:datafield>
        <marc:datafield tag="653" ind1=" " ind2=" ">
            <marc:subfield code="a">forfatterportret.</marc:subfield>
        </marc:datafield>
        <marc:datafield tag="655" ind1=" " ind2=" ">
            <marc:subfield code="a">krim</marc:subfield>
            <marc:subfield code="x">artikkel</marc:subfield>
        </marc:datafield>
        <marc:datafield tag="700" ind1="1" ind2=" ">
            <marc:subfield code="a">Bæhr, Anne Klara</marc:subfield>
            <marc:subfield code="t">norges-krimi-dronning</marc:subfield>
            <marc:subfield code="0">http://example.com/https://litteratursiden.dk/artikler/norges-krimi-dronning</marc:subfield>
        </marc:datafield>
    </marc:record>