
    <marc:record>
        <marc:leader>00900naa a22001930  450 </marc:leader>
        <marc:controlfield tag="001">89833523</marc:controlfield>
        <marc:controlfield tag="005">20140619132929.0</marc:controlfield>
        <marc:controlfield tag="008">000000s2007    dk            00| u dan d</marc:controlfield>
        <marc:datafield tag="100" ind1="1" ind2=" ">
            <marc:subfield code="a">Juni, Maj</marc:subfield>
            <marc:subfield code="4">aut</marc:subfield>
            <marc:subfield code="0">http://viaf.org/viaf/277492127</marc:subfield>
        </marc:datafield>
        <marc:datafield tag="245" ind1="0" ind2="0">
            <marc:subfield code="a">Jurist med mordplot som speciale</marc:subfield>
            <marc:subfield code="c">Maj Juni, interview med Anna Holt[elektronisk ressurs]</marc:subfield>
        </marc:datafield>
        <marc:datafield tag="300" ind1=" " ind2=" ">
            <marc:subfield code="a">sider 22-27 :</marc:subfield>
            <marc:subfield code="b">ill.</marc:subfield>
        </marc:datafield>
        <marc:datafield tag="336" ind1=" " ind2=" ">
            <marc:subfield code="b">txt</marc:subfield>
            <marc:subfield code="0">http://rdaregistry.info/termList/RDAContentType/1020</marc:subfield>
            <marc:subfield code="2">rdacontenttype</marc:subfield>
        </marc:datafield>
        <marc:datafield tag="337" ind1=" " ind2=" ">
            <marc:subfield code="b">c</marc:subfield>
            <marc:subfield code="0">http://rdaregistry.info/termList/RDAMediaType/1003</marc:subfield>
            <marc:subfield code="2">rdamedia</marc:subfield>
        </marc:datafield>
        <marc:datafield tag="338" ind1=" " ind2=" ">
            <marc:subfield code="b">cr</marc:subfield>
            <marc:subfield code="0">http://rdaregistry.info/termList/RDACarrierType/1018</marc:subfield>
            <marc:subfield code="2">rdacarrier</marc:subfield>
        </marc:datafield>
        <marc:datafield tag="380" ind1=" " ind2=" ">
            <marc:subfield code="a">Interviews</marc:subfield>
            <marc:subfield code="2">lcgf</marc:subfield>
        </marc:datafield>
        <marc:datafield tag="655" ind1=" " ind2=" ">
            <marc:subfield code="a">krim</marc:subfield>
        </marc:datafield>
        <marc:datafield tag="700" ind1="1" ind2=" ">
            <marc:subfield code="a">Juni, Maj</marc:subfield>
            <marc:subfield code="4">aut</marc:subfield>
            <marc:subfield code="4">ivr</marc:subfield>
        </marc:datafield>
        <marc:datafield tag="700" ind1="1" ind2=" ">
            <marc:subfield code="a">Holt, Anne</marc:subfield>
            <marc:subfield code="d">1958-</marc:subfield>
            <marc:subfield code="4">ive</marc:subfield>
            <marc:subfield code="0">http://viaf.org/viaf/59128005</marc:subfield>
        </marc:datafield>
        <marc:datafield tag="700" ind1="1" ind2=" ">
            <marc:subfield code="a">Bæhr, Anne Klara</marc:subfield>
            <marc:subfield code="t">Jurist med mordplot som speciale</marc:subfield>
            <marc:subfield code="0">https://www.djoefbladet.dk/artikler/2007/11/jurist-med-mordplot-som-speciale.aspx</marc:subfield>
        </marc:datafield>
    </marc:record>