
    <marc:record>
        <marc:leader>02774ngm a2200445 c 4500</marc:leader>
        <marc:controlfield tag="001">a6346617</marc:controlfield>
        <marc:controlfield tag="003">SpMaBN</marc:controlfield>
        <marc:controlfield tag="005">20181112110445.2</marc:controlfield>
        <marc:controlfield tag="008">181105s2017    sp 119 g          vlspa  </marc:controlfield>
        <marc:datafield tag="015" ind1=" " ind2=" ">
            <marc:subfield code="a">VD17</marc:subfield>
        </marc:datafield>
        <marc:datafield tag="024" ind1="3" ind2=" ">
            <marc:subfield code="a">8414533110976</marc:subfield>
        </marc:datafield>
        <marc:datafield tag="028" ind1="4" ind2="0">
            <marc:subfield code="a">11097S</marc:subfield>
            <marc:subfield code="b">Cameo</marc:subfield>
        </marc:datafield>
        <marc:datafield tag="041" ind1=" " ind2=" ">
            <marc:subfield code="a">eng</marc:subfield>
            <marc:subfield code="a">spa</marc:subfield>
            <marc:subfield code="a">fre</marc:subfield>
            <marc:subfield code="a">ger</marc:subfield>
            <marc:subfield code="a">ita</marc:subfield>
            <marc:subfield code="j">eng</marc:subfield>
            <marc:subfield code="j">spa</marc:subfield>
            <marc:subfield code="j">ara</marc:subfield>
            <marc:subfield code="j">dan</marc:subfield>
            <marc:subfield code="j">fin</marc:subfield>
            <marc:subfield code="j">fre</marc:subfield>
            <marc:subfield code="j">hin</marc:subfield>
            <marc:subfield code="j">nor</marc:subfield>
            <marc:subfield code="j">por</marc:subfield>
            <marc:subfield code="j">swe</marc:subfield>
        </marc:datafield>
        <marc:datafield tag="130" ind1="4" ind2=" ">
            <marc:subfield code="a">The snowman</marc:subfield>
            <marc:subfield code="l">polyglott</marc:subfield>
            <marc:subfield code="0">https://www.imdb.com/title/tt1758810/</marc:subfield>
        </marc:datafield>
        <marc:datafield tag="245" ind1="3" ind2=" ">
            <marc:subfield code="a">El muñeco de nieve </marc:subfield>
            <marc:subfield code="b">The Snowman</marc:subfield>
            <marc:subfield code="c">dirección, Tomas Alfredson ; guión, Hossein Amini, Peter Straughan y Søren Sveistrup ; música, Marco Beltrami ; fotografía, Dion Beebe ; producción, Martin Scorsese ; coproducción, Another Park Film, Universal Pictures, Working Title Films y Perfect World Pictures</marc:subfield>
            <marc:subfield code="h">[film]</marc:subfield>
        </marc:datafield>
        <marc:datafield tag="260" ind1=" " ind2=" ">
            <marc:subfield code="a">Madrid</marc:subfield>
            <marc:subfield code="b">Sony Pictures Entertainment</marc:subfield>
            <marc:subfield code="c">2017</marc:subfield>
        </marc:datafield>
        <marc:datafield tag="300" ind1=" " ind2=" ">
            <marc:subfield code="a">1 Blu-ray (ca. 119 min)</marc:subfield>
            <marc:subfield code="b">lyd, kol.</marc:subfield>
        </marc:datafield>
        <marc:datafield tag="336" ind1=" " ind2=" ">
            <marc:subfield code="b">tdi</marc:subfield>
            <marc:subfield code="0">http://rdaregistry.info/termList/RDAContentType/1023</marc:subfield>
            <marc:subfield code="2">rdacontenttype</marc:subfield>
        </marc:datafield>
        <marc:datafield tag="337" ind1=" " ind2=" ">
            <marc:subfield code="b">v</marc:subfield>
            <marc:subfield code="0">http://rdaregistry.info/termList/RDAMediaType/1008</marc:subfield>
            <marc:subfield code="2">rdamedia</marc:subfield>
        </marc:datafield>
        <marc:datafield tag="338" ind1=" " ind2=" ">
            <marc:subfield code="b">vd</marc:subfield>
            <marc:subfield code="0">http://rdaregistry.info/termList/RDACarrierType/1060</marc:subfield>
            <marc:subfield code="2">rdacarriertype</marc:subfield>
        </marc:datafield>
        <marc:datafield tag="380" ind1=" " ind2=" ">
            <marc:subfield code="a">Detective and mystery films</marc:subfield>
            <marc:subfield code="2">lcgft</marc:subfield>
        </marc:datafield>
        <marc:datafield tag="511" ind1="1" ind2=" ">
            <marc:subfield code="a">Michael Fassbender, Rebecca Ferguson, Charlotte Gainsbourg, Jonas Karlsson, J.K. Simmons</marc:subfield>
        </marc:datafield>
        <marc:datafield tag="521" ind1=" " ind2=" ">
            <marc:subfield code="a">anbefalt aldersgrense 16 år</marc:subfield>
        </marc:datafield>
        <marc:datafield tag="600" ind1="1" ind2="4">
            <marc:subfield code="a">Hole, Harry</marc:subfield>
            <marc:subfield code="c">Fiktiv karakter</marc:subfield>
            <marc:subfield code="0">http://viaf.org/viaf/31151715598213781507</marc:subfield>
        </marc:datafield>
        <marc:datafield tag="655" ind1=" " ind2=" ">
            <marc:subfield code="a">krim</marc:subfield>
        </marc:datafield>
        <marc:datafield tag="700" ind1="1" ind2=" ">
            <marc:subfield code="a">Alfredson, Tomas</marc:subfield>
            <marc:subfield code="d">1965-</marc:subfield>
            <marc:subfield code="4">fmd</marc:subfield>
            <marc:subfield code="0">https://www.imdb.com/name/nm0019247</marc:subfield>
        </marc:datafield>
        <marc:datafield tag="700" ind1="1" ind2=" ">
            <marc:subfield code="a">Amini, Hossein</marc:subfield>
            <marc:subfield code="d">1966-</marc:subfield>
            <marc:subfield code="4">aus</marc:subfield>
            <marc:subfield code="0">https://www.imdb.com/name/nm0024925/</marc:subfield>
        </marc:datafield>
        <marc:datafield tag="700" ind1="1" ind2=" ">
            <marc:subfield code="a">Straughan, Peter</marc:subfield>
            <marc:subfield code="4">aus</marc:subfield>
            <marc:subfield code="0">https://www.imdb.com/name/nm1661186</marc:subfield>
        </marc:datafield>
        <marc:datafield tag="700" ind1="1" ind2=" ">
            <marc:subfield code="a">Sveistrup, Søren</marc:subfield>
            <marc:subfield code="4">aus</marc:subfield>
            <marc:subfield code="0">https://www.imdb.com/name/nm0841003</marc:subfield>
        </marc:datafield>
        <marc:datafield tag="700" ind1="1" ind2=" ">
            <marc:subfield code="a">Beltrami, Marco</marc:subfield>
            <marc:subfield code="d">1966-</marc:subfield>
            <marc:subfield code="4">cmp</marc:subfield>
            <marc:subfield code="0">https://musicbrainz.org/artist/bced6266-4c23-4806-8e3d-165eac0ad494</marc:subfield>
        </marc:datafield>
        <marc:datafield tag="700" ind1="1" ind2=" ">
            <marc:subfield code="a">Beebe, Dion</marc:subfield>
            <marc:subfield code="d">1968-</marc:subfield>
            <marc:subfield code="4">cng</marc:subfield>
            <marc:subfield code="0">https://www.imdb.com/name/nm0066244/ </marc:subfield>
        </marc:datafield>
        <marc:datafield tag="700" ind1="1" ind2=" ">
            <marc:subfield code="a">Scorsese, Martin</marc:subfield>
            <marc:subfield code="d">1942-</marc:subfield>
            <marc:subfield code="4">fmp</marc:subfield>
            <marc:subfield code="0">https://www.imdb.com/name/nm0000217</marc:subfield>
        </marc:datafield>
        <marc:datafield tag="700" ind1="1" ind2=" ">
            <marc:subfield code="a">Nesbø, Jo</marc:subfield>
            <marc:subfield code="d">1960-</marc:subfield>
            <marc:subfield code="4">aut</marc:subfield>
            <marc:subfield code="t">Snømannen</marc:subfield>
            <marc:subfield code="e">originalidé</marc:subfield>
            <marc:subfield code="0">http://viaf.org/viaf/312388673</marc:subfield>
        </marc:datafield>
        <marc:datafield tag="700" ind1="1" ind2=" ">
            <marc:subfield code="a">Fassbender, Michael</marc:subfield>
            <marc:subfield code="d">1977-</marc:subfield>
            <marc:subfield code="4">act</marc:subfield>
            <marc:subfield code="0">https://www.imdb.com/name/nm1055413</marc:subfield>
        </marc:datafield>
        <marc:datafield tag="700" ind1="1" ind2=" ">
            <marc:subfield code="a">Ferguson, Rebecca</marc:subfield>
            <marc:subfield code="d">1983-</marc:subfield>
            <marc:subfield code="4">act</marc:subfield>
            <marc:subfield code="0">https://www.imdb.com/name/nm0272581</marc:subfield>
        </marc:datafield>
        <marc:datafield tag="700" ind1="1" ind2=" ">
            <marc:subfield code="a">Gainsbourg, Charlotte</marc:subfield>
            <marc:subfield code="d">1971-</marc:subfield>
            <marc:subfield code="4">act</marc:subfield>
            <marc:subfield code="0">https://www.imdb.com/name/nm0001250</marc:subfield>
        </marc:datafield>
        <marc:datafield tag="700" ind1="1" ind2=" ">
            <marc:subfield code="a">Karlsson, Jonas</marc:subfield>
            <marc:subfield code="d">1971-</marc:subfield>
            <marc:subfield code="4">act</marc:subfield>
            <marc:subfield code="0">https://www.imdb.com/name/nm0439642</marc:subfield>
        </marc:datafield>
        <marc:datafield tag="700" ind1="1" ind2=" ">
            <marc:subfield code="a">Simmons, J. K.</marc:subfield>
            <marc:subfield code="d">1955-</marc:subfield>
            <marc:subfield code="4">act</marc:subfield>
            <marc:subfield code="0">https://www.imdb.com/name/nm0799777</marc:subfield>
        </marc:datafield>
        <marc:datafield tag="700" ind1="1" ind2=" ">
            <marc:subfield code="a">Nesbø, Jo</marc:subfield>
            <marc:subfield code="d">1960-</marc:subfield>
            <marc:subfield code="t">Frelseren</marc:subfield>
            <marc:subfield code="0">http://viaf.org/viaf/1466145424607486830095/</marc:subfield>
            <marc:subfield code="4">http://rdaregistry.info/Elements/w/P10156</marc:subfield>
        </marc:datafield>
        <marc:datafield tag="700" ind1="1" ind2=" ">
            <marc:subfield code="a">Nesbø, Jo</marc:subfield>
            <marc:subfield code="d">1960-</marc:subfield>
            <marc:subfield code="t">Snømannen</marc:subfield>
            <marc:subfield code="0">http://viaf.org/viaf/312388673</marc:subfield>
            <marc:subfield code="4">http://rdaregistry.info/Elements/w/P10129</marc:subfield>
        </marc:datafield>
    </marc:record>