
    <marc:record>
        <marc:leader>01343naa a22002410  450 </marc:leader>
        <marc:controlfield tag="001">34758204</marc:controlfield>
        <marc:controlfield tag="005">20150329174621.0</marc:controlfield>
        <marc:controlfield tag="008">000000s2011    dk            00| u dan d</marc:controlfield>
        <marc:datafield tag="100" ind1="1" ind2=" ">
            <marc:subfield code="a">Stein Larsen, Jesper</marc:subfield>
            <marc:subfield code="d">1965-</marc:subfield>
            <marc:subfield code="0">http://viaf.org/viaf/101442187</marc:subfield>
            <marc:subfield code="4">aut</marc:subfield>
            <marc:subfield code="4">ivr</marc:subfield>
        </marc:datafield>
        <marc:datafield tag="245" ind1="1" ind2="0">
            <marc:subfield code="a">Kan man skrive krimi om Utøya? /</marc:subfield>
            <marc:subfield code="c">Jesper Stein Larsen, interview med Gunnar Staalesen, Torkild Damhaug, Anne Holt, Eirik Wekre, Thomas Enger, Tom Egeland, Jan Mehlum.</marc:subfield>
        </marc:datafield>
        <marc:datafield tag="300" ind1=" " ind2=" ">
            <marc:subfield code="a">Kultur (østudgave), sider 12-13 :</marc:subfield>
            <marc:subfield code="b">ill.</marc:subfield>
        </marc:datafield>
        <marc:datafield tag="336" ind1=" " ind2=" ">
            <marc:subfield code="b">txt</marc:subfield>
            <marc:subfield code="0">http://rdaregistry.info/termList/RDAContentType/1020</marc:subfield>
            <marc:subfield code="2">rdacontenttype</marc:subfield>
        </marc:datafield>
        <marc:datafield tag="337" ind1=" " ind2=" ">
            <marc:subfield code="b">n</marc:subfield>
            <marc:subfield code="0">http://rdaregistry.info/termList/RDAMediaType/1007</marc:subfield>
            <marc:subfield code="2">rdamedia</marc:subfield>
        </marc:datafield>
        <marc:datafield tag="338" ind1=" " ind2=" ">
            <marc:subfield code="b">nc</marc:subfield>
            <marc:subfield code="0">http://rdaregistry.info/termList/RDACarrierType/1049</marc:subfield>
            <marc:subfield code="2">rdacarriertype </marc:subfield>
        </marc:datafield>
        <marc:datafield tag="380" ind1=" " ind2=" ">
            <marc:subfield code="a">Interviews</marc:subfield>
            <marc:subfield code="2">lcgft</marc:subfield>
        </marc:datafield>
        <marc:datafield tag="700" ind1="1" ind2=" ">
            <marc:subfield code="a">Staalesen, Gunnar</marc:subfield>
            <marc:subfield code="4">ive</marc:subfield>
            <marc:subfield code="0">http://viaf.org/viaf/115049141</marc:subfield>
        </marc:datafield>
        <marc:datafield tag="700" ind1="1" ind2=" ">
            <marc:subfield code="a">Damhaug, Torkil</marc:subfield>
            <marc:subfield code="4">ive</marc:subfield>
            <marc:subfield code="0">http://viaf.org/viaf/70129020</marc:subfield>
        </marc:datafield>
        <marc:datafield tag="700" ind1="1" ind2=" ">
            <marc:subfield code="a">Holt, Anne</marc:subfield>
            <marc:subfield code="4">ive</marc:subfield>
            <marc:subfield code="0">http://viaf.org/viaf/59128005</marc:subfield>
        </marc:datafield>
        <marc:datafield tag="700" ind1="1" ind2=" ">
            <marc:subfield code="a">Wekre, Eirik</marc:subfield>
            <marc:subfield code="4">ive</marc:subfield>
            <marc:subfield code="0">www.viaf.org/viaf/90996042</marc:subfield>
        </marc:datafield>
        <marc:datafield tag="700" ind1="1" ind2=" ">
            <marc:subfield code="a">Enger, Thomas</marc:subfield>
            <marc:subfield code="4">ive</marc:subfield>
            <marc:subfield code="0">http://viaf.org/viaf/160071108</marc:subfield>
        </marc:datafield>
        <marc:datafield tag="700" ind1="1" ind2=" ">
            <marc:subfield code="a">Egeland, Tom</marc:subfield>
            <marc:subfield code="4">ive</marc:subfield>
            <marc:subfield code="0">http://viaf.org/viaf/79103525</marc:subfield>
        </marc:datafield>
        <marc:datafield tag="700" ind1="1" ind2=" ">
            <marc:subfield code="a">Mehlum, Jan</marc:subfield>
            <marc:subfield code="4">ive</marc:subfield>
            <marc:subfield code="0">http://viaf.org/viaf/79382155</marc:subfield>
        </marc:datafield>
        <marc:datafield tag="700" ind1=" " ind2=" ">
            <marc:subfield code="a">Stein Larsen, Jesper</marc:subfield>
            <marc:subfield code="d">1965-</marc:subfield>
            <marc:subfield code="t">Kan man skrive krimi om Utøya?</marc:subfield>
            <marc:subfield code="0">http://example.org/kanmanskrivekrimietterutoya/tittel </marc:subfield>
        </marc:datafield>
    </marc:record>