
    <marc:record>
        <marc:leader>00973cam a22002054  450 </marc:leader>
        <marc:controlfield tag="001">1181230</marc:controlfield>
        <marc:controlfield tag="008">000000s2009    xx            00| u nor d</marc:controlfield>
        <marc:datafield tag="041" ind1="0" ind2=" ">
            <marc:subfield code="a">nor</marc:subfield>
        </marc:datafield>
        <marc:datafield tag="100" ind1="1" ind2=" ">
            <marc:subfield code="a">Mehlum, Jan</marc:subfield>
            <marc:subfield code="d">1945-</marc:subfield>
            <marc:subfield code="0">http://viaf.org/viaf/79382155</marc:subfield>
            <marc:subfield code="4">aut</marc:subfield>
        </marc:datafield>
        <marc:datafield tag="245" ind1="1" ind2="0">
            <marc:subfield code="a">Madrugada :</marc:subfield>
            <marc:subfield code="b">en kriminalroman /</marc:subfield>
            <marc:subfield code="c">Jan Mehlum.</marc:subfield>
        </marc:datafield>
        <marc:datafield tag="260" ind1=" " ind2=" ">
            <marc:subfield code="a">Horten :</marc:subfield>
            <marc:subfield code="b">Publicom forlag,</marc:subfield>
            <marc:subfield code="c">2009.</marc:subfield>
        </marc:datafield>
        <marc:datafield tag="300" ind1=" " ind2=" ">
            <marc:subfield code="a">409 sider ;</marc:subfield>
            <marc:subfield code="c">22 cm.</marc:subfield>
        </marc:datafield>
        <marc:datafield tag="336" ind1=" " ind2=" ">
            <marc:subfield code="b">txt</marc:subfield>
            <marc:subfield code="0">http://rdaregistry.info/termList/RDAContentType/1020</marc:subfield>
            <marc:subfield code="2">rdacontenttype</marc:subfield>
        </marc:datafield>
        <marc:datafield tag="337" ind1=" " ind2=" ">
            <marc:subfield code="b">n</marc:subfield>
            <marc:subfield code="0">http://rdaregistry.info/termList/RDAMediaType/1007</marc:subfield>
            <marc:subfield code="2">rdamedia</marc:subfield>
        </marc:datafield>
        <marc:datafield tag="338" ind1=" " ind2=" ">
            <marc:subfield code="b">nc</marc:subfield>
            <marc:subfield code="0">http://rdaregistry.info/termList/RDACarrierType/1049</marc:subfield>
            <marc:subfield code="2">rdacarriertype </marc:subfield>
        </marc:datafield>
        <marc:datafield tag="380" ind1=" " ind2=" ">
            <marc:subfield code="a">Detective and mystery fiction</marc:subfield>
            <marc:subfield code="2">lcgft</marc:subfield>
        </marc:datafield>
        <marc:datafield tag="600" ind1="1" ind2="4">
            <marc:subfield code="a">Foyn, Svend</marc:subfield>
            <marc:subfield code="c">Fiktiv karakter</marc:subfield>
            <marc:subfield code="0">www.example.com/SvendFoyn-fiktivkarakter</marc:subfield>
        </marc:datafield>
        <marc:datafield tag="655" ind1=" " ind2="4">
            <marc:subfield code="a">Krim</marc:subfield>
        </marc:datafield>
        <marc:datafield tag="700" ind1=" " ind2=" ">
            <marc:subfield code="a">Mehlum, Jan</marc:subfield>
            <marc:subfield code="d">1954-</marc:subfield>
            <marc:subfield code="t">Madrugada</marc:subfield>
            <marc:subfield code="0">http://example.org/madrugada/tittel</marc:subfield>
        </marc:datafield>
        <marc:datafield tag="700" ind1=" " ind2=" ">
            <marc:subfield code="a">Mehlum, Jan</marc:subfield>
            <marc:subfield code="d">1954-</marc:subfield>
            <marc:subfield code="t">Det ingen vet</marc:subfield>
            <marc:subfield code="0">http://example.org/detingenvet/tittel</marc:subfield>
            <marc:subfield code="4">http://rdaregistry.info/Elements/w/P10156</marc:subfield>
        </marc:datafield>
    </marc:record>