
    <marc:record>
        <marc:leader>01282pam a2200277 i 4500</marc:leader>
        <marc:controlfield tag="001">017350869</marc:controlfield>
        <marc:controlfield tag="003">Uk</marc:controlfield>
        <marc:controlfield tag="005">20170214113040.0</marc:controlfield>
        <marc:controlfield tag="008">150309s2015    enk           000|1|eng|d</marc:controlfield>
        <marc:datafield tag="015" ind1=" " ind2=" ">
            <marc:subfield code="a">GBB562180</marc:subfield>
            <marc:subfield code="2">bnb</marc:subfield>
        </marc:datafield>
        <marc:datafield tag="016" ind1="7" ind2=" ">
            <marc:subfield code="a">017350869</marc:subfield>
            <marc:subfield code="2">Uk</marc:subfield>
        </marc:datafield>
        <marc:datafield tag="020" ind1=" " ind2=" ">
            <marc:subfield code="a">9781447232773 (pbk.) :</marc:subfield>
            <marc:subfield code="c">£7.99</marc:subfield>
        </marc:datafield>
        <marc:datafield tag="041" ind1="1" ind2=" ">
            <marc:subfield code="a">eng</marc:subfield>
            <marc:subfield code="h">nor</marc:subfield>
        </marc:datafield>
        <marc:datafield tag="100" ind1="1" ind2=" ">
            <marc:subfield code="a">Lahlum, Hans Olav</marc:subfield>
            <marc:subfield code="d">1973-</marc:subfield>
            <marc:subfield code="0">http://viaf.org/viaf/58869054</marc:subfield>
            <marc:subfield code="4">aut</marc:subfield>
        </marc:datafield>
        <marc:datafield tag="240" ind1="1" ind2="0">
            <marc:subfield code="a">Satellittmenneskene</marc:subfield>
            <marc:subfield code="l">engelsk</marc:subfield>
            <marc:subfield code="0">https://viaf.org/viaf/371144782985107052150/</marc:subfield>
        </marc:datafield>
        <marc:datafield tag="245" ind1="1" ind2="0">
            <marc:subfield code="a">Satellite people /</marc:subfield>
            <marc:subfield code="c">Hans Olav Lahlum ; translated from the Norwegian by Kari Dickson.</marc:subfield>
        </marc:datafield>
        <marc:datafield tag="264" ind1=" " ind2="1">
            <marc:subfield code="a">London :</marc:subfield>
            <marc:subfield code="b">Pan Books,</marc:subfield>
            <marc:subfield code="c">2015.</marc:subfield>
        </marc:datafield>
        <marc:datafield tag="300" ind1=" " ind2=" ">
            <marc:subfield code="a">382 sider ;</marc:subfield>
            <marc:subfield code="c">20 cm</marc:subfield>
        </marc:datafield>
        <marc:datafield tag="336" ind1=" " ind2=" ">
            <marc:subfield code="b">txt</marc:subfield>
            <marc:subfield code="0">http://rdaregistry.info/termList/RDAContentType/1020</marc:subfield>
            <marc:subfield code="2">rdacontenttype</marc:subfield>
        </marc:datafield>
        <marc:datafield tag="337" ind1=" " ind2=" ">
            <marc:subfield code="b">n</marc:subfield>
            <marc:subfield code="0">http://rdaregistry.info/termList/RDAMediaType/1007</marc:subfield>
            <marc:subfield code="2">rdamedia</marc:subfield>
        </marc:datafield>
        <marc:datafield tag="338" ind1=" " ind2=" ">
            <marc:subfield code="b">nc</marc:subfield>
            <marc:subfield code="0">http://rdaregistry.info/termList/RDACarrierType/1049</marc:subfield>
            <marc:subfield code="2">rdacarriertype </marc:subfield>
        </marc:datafield>
        <marc:datafield tag="380" ind1=" " ind2=" ">
            <marc:subfield code="a">Detective and mystery fiction</marc:subfield>
            <marc:subfield code="2">lcgft</marc:subfield>
        </marc:datafield>
        <marc:datafield tag="600" ind1="1" ind2="4">
            <marc:subfield code="a">Kristiansen, Kolbjørn</marc:subfield>
            <marc:subfield code="c">Fiktiv karakter</marc:subfield>
            <marc:subfield code="0">http://viaf.org/viaf/7404149844970002960001</marc:subfield>
        </marc:datafield>
        <marc:datafield tag="655" ind1=" " ind2="4">
            <marc:subfield code="a">Krim</marc:subfield>
        </marc:datafield>
        <marc:datafield tag="700" ind1="1" ind2=" ">
            <marc:subfield code="a">Dickson, Kari</marc:subfield>
            <marc:subfield code="d">1966-</marc:subfield>
            <marc:subfield code="4">trl</marc:subfield>
            <marc:subfield code="0">http://viaf.org/viaf/33880603</marc:subfield>
        </marc:datafield>
        <marc:datafield tag="700" ind1=" " ind2=" ">
            <marc:subfield code="a">Lahlum, Hans Olav</marc:subfield>
            <marc:subfield code="d">1973-</marc:subfield>
            <marc:subfield code="t">Menneskefluene</marc:subfield>
            <marc:subfield code="0">https://viaf.org/viaf/1065155105763176320008/</marc:subfield>
            <marc:subfield code="4">http://rdaregistry.info/Elements/w/P10156</marc:subfield>
        </marc:datafield>
    </marc:record>